<?xml version="1.0" encoding="UTF-8"?>
<!DOCTYPE html PUBLIC "-//W3C//DTD XHTML 1.0 Transitional//EN"
    "http://www.w3.org/TR/xhtml1/DTD/xhtml1-transitional.dtd">
<html xmlns="http://www.w3.org/1999/xhtml" xml:lang="en" lang="en">
 <head>
  <title>
</title>
<meta http-equiv="Content-Type" content="text/html;charset=utf-8" />
  <meta name='ocr-system' content='tesseract 3.04.00' />
  <meta name='ocr-capabilities' content='ocr_page ocr_carea ocr_par ocr_line ocrx_word'/>
</head>
<body>
  <div class='ocr_page' id='page_1' title='image "./corneliitacitid00holdgoog_0022.png"; bbox 0 0 2708 4258; ppageno 0'>
   <div class='ocr_carea' id='block_1_1' title="bbox 620 149 836 212">
    <p class='ocr_par' dir='ltr' id='par_1_1' title="bbox 620 149 836 212">
     <span class='ocr_line' id='line_1_1' title="bbox 620 149 836 212; baseline 0.009 -18"><span class='ocrx_word' id='word_1_1' title='bbox 620 149 836 212; x_wconf 72' lang='lat'>..14-</span> 
     </span>
    </p>
   </div>
   <div class='ocr_carea' id='block_1_2' title="bbox 139 325 1271 3864">
    <p class='ocr_par' dir='ltr' id='par_1_2' title="bbox 139 325 1261 1479">
     <span class='ocr_line' id='line_1_2' title="bbox 200 325 1256 412; baseline 0 -22"><span class='ocrx_word' id='word_1_2' title='bbox 200 325 330 396; x_wconf 84' lang='lat' dir='ltr'>bellum.</span> <span class='ocrx_word' id='word_1_3' title='bbox 376 329 440 390; x_wconf 89' lang='lat' dir='ltr'>rari</span> <span class='ocrx_word' id='word_1_4' title='bbox 475 348 628 390; x_wconf 77' lang='lat' dir='ltr'><strong>excursus</strong></span> <span class='ocrx_word' id='word_1_5' title='bbox 663 337 694 390; x_wconf 88' lang='lat' dir='ltr'>et</span> <span class='ocrx_word' id='word_1_6' title='bbox 728 327 860 390; x_wconf 87' lang='lat' dir='ltr'>fortuita</span> <span class='ocrx_word' id='word_1_7' title='bbox 892 348 1011 412; x_wconf 84' lang='lat' dir='ltr'>pugne.</span> <span class='ocrx_word' id='word_1_8' title='bbox 1068 327 1256 412; x_wconf 83' lang='lat' dir='ltr'>equestrium</span> 
     </span>
     <span class='ocr_line' id='line_1_3' title="bbox 201 415 1255 501; baseline 0 -21"><span class='ocrx_word' id='word_1_9' title='bbox 201 437 277 480; x_wconf 90' lang='lat' dir='ltr'>sane</span> <span class='ocrx_word' id='word_1_10' title='bbox 300 416 416 479; x_wconf 91' lang='lat' dir='ltr'>uirium</span> <span class='ocrx_word' id='word_1_11' title='bbox 439 415 472 480; x_wconf 92' lang='lat' dir='ltr'>id</span> <span class='ocrx_word' id='word_1_12' title='bbox 495 417 670 501; x_wconf 91' lang='lat' dir='ltr'>proprium,</span> <span class='ocrx_word' id='word_1_13' title='bbox 696 419 759 478; x_wconf 91' lang='lat' dir='ltr'>cito</span> <span class='ocrx_word' id='word_1_14' title='bbox 782 438 899 500; x_wconf 89' lang='lat' dir='ltr'>parare</span> <span class='ocrx_word' id='word_1_15' title='bbox 922 417 1101 499; x_wconf 81' lang='lat' dir='ltr'>uictoriam,</span> <span class='ocrx_word' id='word_1_16' title='bbox 1126 417 1191 479; x_wconf 89' lang='lat' dir='ltr'>cito</span> <span class='ocrx_word' id='word_1_17' title='bbox 1213 437 1255 480; x_wconf 89' lang='lat' dir='ltr'>ce-</span> 
     </span>
     <span class='ocr_line' id='line_1_4' title="bbox 201 503 1255 590; baseline 0 -24"><span class='ocrx_word' id='word_1_18' title='bbox 201 503 292 568; x_wconf 88' lang='lat' dir='ltr'>dere:</span> <span class='ocrx_word' id='word_1_19' title='bbox 317 505 470 568; x_wconf 87' lang='lat' dir='ltr'>uelocitas</span> <span class='ocrx_word' id='word_1_20' title='bbox 493 507 584 568; x_wconf 87' lang='lat' dir='ltr'>iuxta</span> <span class='ocrx_word' id='word_1_21' title='bbox 606 503 829 588; x_wconf 82' lang='lat' dir='ltr'><strong>formidinem,</strong></span> <span class='ocrx_word' id='word_1_22' title='bbox 855 506 1013 570; x_wconf 89' lang='lat' dir='ltr'>conotatio</span> <span class='ocrx_word' id='word_1_23' title='bbox 1037 505 1167 590; x_wconf 88' lang='lat' dir='ltr'>propior</span> <span class='ocrx_word' id='word_1_24' title='bbox 1191 526 1255 568; x_wconf 91' lang='lat' dir='ltr'>con·</span> 
     </span>
     <span class='ocr_line' id='line_1_5' title="bbox 200 591 1255 680; baseline -0.002 -22"><span class='ocrx_word' id='word_1_25' title='bbox 200 596 336 658; x_wconf 80' lang='lat' dir='ltr'>stantiae</span> <span class='ocrx_word' id='word_1_26' title='bbox 353 604 409 658; x_wconf 91' lang='lat' dir='ltr'>est.</span> <span class='ocrx_word' id='word_1_27' title='bbox 457 595 508 658; x_wconf 85' lang='lat'>31.</span> <span class='ocrx_word' id='word_1_28' title='bbox 535 593 578 656; x_wconf 86' lang='lat' dir='ltr'>Et</span> <span class='ocrx_word' id='word_1_29' title='bbox 593 593 664 658; x_wconf 89' lang='lat' dir='ltr'>aliis</span> <span class='ocrx_word' id='word_1_30' title='bbox 681 591 917 658; x_wconf 81' lang='lat' dir='ltr'>Germanorum</span> <span class='ocrx_word' id='word_1_31' title='bbox 933 594 1059 680; x_wconf 90' lang='lat' dir='ltr'>populis</span> <span class='ocrx_word' id='word_1_32' title='bbox 1075 603 1255 678; x_wconf 90' lang='lat' dir='ltr'>usurpatum</span> 
     </span>
     <span class='ocr_line' id='line_1_6' title="bbox 200 681 1255 768; baseline -0.001 -23"><span class='ocrx_word' id='word_1_33' title='bbox 200 705 273 746; x_wconf 89' lang='lat' dir='ltr'>raro</span> <span class='ocrx_word' id='word_1_34' title='bbox 298 693 330 746; x_wconf 90' lang='lat' dir='ltr'>et</span> <span class='ocrx_word' id='word_1_35' title='bbox 352 685 481 767; x_wconf 88' lang='lat' dir='ltr'>priuata</span> <span class='ocrx_word' id='word_1_36' title='bbox 503 685 656 768; x_wconf 88' lang='lat' dir='ltr'>cuiusque</span> <span class='ocrx_word' id='word_1_37' title='bbox 684 682 834 748; x_wconf 85' lang='lat' dir='ltr'>audentia</span> <span class='ocrx_word' id='word_1_38' title='bbox 868 681 952 768; x_wconf 90' lang='lat' dir='ltr'>apud</span> <span class='ocrx_word' id='word_1_39' title='bbox 977 681 1110 746; x_wconf 81' lang='lat' dir='ltr'>Chattos</span> <span class='ocrx_word' id='word_1_40' title='bbox 1133 683 1165 745; x_wconf 91' lang='lat' dir='ltr'>in</span> <span class='ocrx_word' id='word_1_41' title='bbox 1190 704 1255 745; x_wconf 90' lang='lat' dir='ltr'>con·</span> 
     </span>
     <span class='ocr_line' id='line_1_7' title="bbox 201 771 1258 857; baseline 0 -21"><span class='ocrx_word' id='word_1_42' title='bbox 201 794 329 836; x_wconf 88' lang='lat' dir='ltr'>sensum</span> <span class='ocrx_word' id='word_1_43' title='bbox 352 774 459 855; x_wconf 86' lang='lat' dir='ltr'>uertit,</span> <span class='ocrx_word' id='word_1_44' title='bbox 484 783 519 834; x_wconf 92' lang='lat' dir='ltr'>ut</span> <span class='ocrx_word' id='word_1_45' title='bbox 542 773 680 857; x_wconf 91' lang='lat' dir='ltr'>primum</span> <span class='ocrx_word' id='word_1_46' title='bbox 697 771 904 855; x_wconf 75' lang='lat' dir='ltr'>adoleuerint,</span> <span class='ocrx_word' id='word_1_47' title='bbox 929 773 1049 836; x_wconf 91' lang='lat' dir='ltr'>crinem</span> <span class='ocrx_word' id='word_1_48' title='bbox 1067 772 1258 856; x_wconf 83' lang='lat' dir='ltr'>barbamque</span> 
     </span>
     <span class='ocr_line' id='line_1_8' title="bbox 201 859 1258 944; baseline 0 -20"><span class='ocrx_word' id='word_1_49' title='bbox 201 861 404 944; x_wconf 86' lang='lat' dir='ltr'>submittere,</span> <span class='ocrx_word' id='word_1_50' title='bbox 439 882 499 924; x_wconf 90' lang='lat' dir='ltr'>nec</span> <span class='ocrx_word' id='word_1_51' title='bbox 522 862 583 924; x_wconf 92' lang='lat' dir='ltr'>nisi</span> <span class='ocrx_word' id='word_1_52' title='bbox 605 860 696 925; x_wconf 88' lang='lat' dir='ltr'>hoste</span> <span class='ocrx_word' id='word_1_53' title='bbox 719 882 811 924; x_wconf 87' lang='lat' dir='ltr'>caeso</span> <span class='ocrx_word' id='word_1_54' title='bbox 835 883 954 927; x_wconf 81' lang='lat' dir='ltr'>exuere</span> <span class='ocrx_word' id='word_1_55' title='bbox 977 862 1118 924; x_wconf 89' lang='lat' dir='ltr'>uotiuum</span> <span class='ocrx_word' id='word_1_56' title='bbox 1144 859 1258 944; x_wconf 85' lang='lat' dir='ltr'>obliga·</span> 
     </span>
     <span class='ocr_line' id='line_1_9' title="bbox 139 949 1260 1035; baseline -0.001 -21"><span class='ocrx_word' id='word_1_57' title='bbox 139 957 144 968; x_wconf 90' lang='grc'><strong>’</strong></span> <span class='ocrx_word' id='word_1_58' title='bbox 200 961 332 1035; x_wconf 88' lang='lat' dir='ltr'>tumque</span> <span class='ocrx_word' id='word_1_59' title='bbox 354 951 466 1014; x_wconf 90' lang='lat' dir='ltr'>uirtuti</span> <span class='ocrx_word' id='word_1_60' title='bbox 490 952 552 1013; x_wconf 92' lang='lat' dir='ltr'>oris</span> <span class='ocrx_word' id='word_1_61' title='bbox 575 949 730 1014; x_wconf 88' lang='lat' dir='ltr'>habitum.</span> <span class='ocrx_word' id='word_1_62' title='bbox 778 971 873 1035; x_wconf 91' lang='lat' dir='ltr'>super</span> <span class='ocrx_word' id='word_1_63' title='bbox 896 951 1085 1034; x_wconf 86' lang='lat' dir='ltr'>sanguinem</span> <span class='ocrx_word' id='word_1_64' title='bbox 1110 959 1142 1013; x_wconf 90' lang='lat' dir='ltr'>et</span> <span class='ocrx_word' id='word_1_65' title='bbox 1162 951 1260 1034; x_wconf 89' lang='lat' dir='ltr'>spolia</span> 
     </span>
     <span class='ocr_line' id='line_1_10' title="bbox 200 1037 1256 1124; baseline 0 -22"><span class='ocrx_word' id='word_1_66' title='bbox 200 1039 344 1104; x_wconf 90' lang='lat' dir='ltr'>reuelant</span> <span class='ocrx_word' id='word_1_67' title='bbox 368 1040 521 1120; x_wconf 88' lang='lat' dir='ltr'>frontem,</span> <span class='ocrx_word' id='word_1_68' title='bbox 547 1059 645 1124; x_wconf 90' lang='lat' dir='ltr'>seque</span> <span class='ocrx_word' id='word_1_69' title='bbox 668 1049 736 1102; x_wconf 89' lang='lat' dir='ltr'>tum</span> <span class='ocrx_word' id='word_1_70' title='bbox 759 1037 886 1102; x_wconf 89' lang='lat' dir='ltr'>demum</span> <span class='ocrx_word' id='word_1_71' title='bbox 910 1041 1016 1124; x_wconf 85' lang='lat' dir='ltr'>pretia</span> <span class='ocrx_word' id='word_1_72' title='bbox 1038 1037 1189 1102; x_wconf 87' lang='lat' dir='ltr'>nascendi</span> <span class='ocrx_word' id='word_1_73' title='bbox 1211 1060 1256 1102; x_wconf 90' lang='lat' dir='ltr'>re-</span> 
     </span>
     <span class='ocr_line' id='line_1_11' title="bbox 199 1127 1261 1214; baseline 0 -22"><span class='ocrx_word' id='word_1_74' title='bbox 199 1129 308 1192; x_wconf 89' lang='lat' dir='ltr'>tulisse</span> <span class='ocrx_word' id='word_1_75' title='bbox 332 1127 510 1212; x_wconf 86' lang='lat' dir='ltr'>dignosque</span> <span class='ocrx_word' id='word_1_76' title='bbox 533 1130 638 1212; x_wconf 89' lang='lat' dir='ltr'>patria</span> <span class='ocrx_word' id='word_1_77' title='bbox 660 1150 698 1192; x_wconf 90' lang='lat' dir='ltr'>ac</span> <span class='ocrx_word' id='word_1_78' title='bbox 721 1127 908 1214; x_wconf 89' lang='lat' dir='ltr'>parentibus</span> <span class='ocrx_word' id='word_1_79' title='bbox 931 1128 1054 1192; x_wconf 85' lang='lat' dir='ltr'>ferunt:</span> <span class='ocrx_word' id='word_1_80' title='bbox 1079 1128 1205 1212; x_wconf 87' lang='lat' dir='ltr'>ignauis</span> <span class='ocrx_word' id='word_1_81' title='bbox 1228 1137 1261 1192; x_wconf 84' lang='lat' dir='ltr'>et</span> 
     </span>
     <span class='ocr_line' id='line_1_12' title="bbox 199 1215 1260 1302; baseline 0 -22"><span class='ocrx_word' id='word_1_82' title='bbox 199 1217 368 1281; x_wconf 85' lang='lat' dir='ltr'>inbellibus</span> <span class='ocrx_word' id='word_1_83' title='bbox 401 1226 511 1282; x_wconf 88' lang='lat' dir='ltr'>manet</span> <span class='ocrx_word' id='word_1_84' title='bbox 540 1217 678 1302; x_wconf 85' lang='lat' dir='ltr'>squalor.</span> <span class='ocrx_word' id='word_1_85' title='bbox 729 1217 920 1280; x_wconf 87' lang='lat' dir='ltr'>fortissimus</span> <span class='ocrx_word' id='word_1_86' title='bbox 954 1217 1088 1302; x_wconf 90' lang='lat' dir='ltr'>quisque</span> <span class='ocrx_word' id='word_1_87' title='bbox 1123 1215 1260 1280; x_wconf 89' lang='lat' dir='ltr'>ferreum</span> 
     </span>
     <span class='ocr_line' id='line_1_13' title="bbox 199 1301 1258 1392; baseline -0.002 -22"><span class='ocrx_word' id='word_1_88' title='bbox 199 1307 330 1392; x_wconf 91' lang='lat' dir='ltr'>insuper</span> <span class='ocrx_word' id='word_1_89' title='bbox 359 1307 488 1369; x_wconf 89' lang='lat' dir='ltr'>anulum</span> <span class='ocrx_word' id='word_1_90' title='bbox 519 1301 782 1390; x_wconf 84' lang='lat' dir='ltr'>(ignominiosum</span> <span class='ocrx_word' id='word_1_91' title='bbox 804 1305 837 1369; x_wconf 93' lang='lat' dir='ltr'>id</span> <span class='ocrx_word' id='word_1_92' title='bbox 861 1305 964 1390; x_wconf 80' lang='lat' dir='ltr'>genti)</span> <span class='ocrx_word' id='word_1_93' title='bbox 988 1306 1075 1370; x_wconf 90' lang='lat' dir='ltr'>uelut</span> <span class='ocrx_word' id='word_1_94' title='bbox 1098 1305 1258 1370; x_wconf 91' lang='lat' dir='ltr'>uinculum</span> 
     </span>
     <span class='ocr_line' id='line_1_14' title="bbox 201 1393 925 1479; baseline 0.001 -19"><span class='ocrx_word' id='word_1_95' title='bbox 201 1404 319 1479; x_wconf 86' lang='lat' dir='ltr'>gestat,</span> <span class='ocrx_word' id='word_1_96' title='bbox 345 1394 445 1459; x_wconf 89' lang='lat' dir='ltr'>donec</span> <span class='ocrx_word' id='word_1_97' title='bbox 469 1417 503 1458; x_wconf 89' lang='lat' dir='ltr'>se</span> <span class='ocrx_word' id='word_1_98' title='bbox 526 1393 624 1459; x_wconf 88' lang='lat' dir='ltr'>caede</span> <span class='ocrx_word' id='word_1_99' title='bbox 647 1395 747 1458; x_wconf 90' lang='lat' dir='ltr'>hostis</span> <span class='ocrx_word' id='word_1_100' title='bbox 770 1394 925 1461; x_wconf 90' lang='lat' dir='ltr'>absoluat.</span> 
     </span>
    </p>

    <p class='ocr_par' dir='ltr' id='par_1_3' title="bbox 199 1481 1263 2104">
     <span class='ocr_line' id='line_1_15' title="bbox 288 1481 1261 1569; baseline -0.001 -22"><span class='ocrx_word' id='word_1_101' title='bbox 288 1482 437 1548; x_wconf 91' lang='lat' dir='ltr'>Plurimis</span> <span class='ocrx_word' id='word_1_102' title='bbox 453 1481 643 1548; x_wconf 78' lang='lat' dir='ltr'>Chattorum</span> <span class='ocrx_word' id='word_1_103' title='bbox 659 1483 711 1547; x_wconf 92' lang='lat' dir='ltr'>hic</span> <span class='ocrx_word' id='word_1_104' title='bbox 726 1483 832 1569; x_wconf 88' lang='lat' dir='ltr'>placet</span> <span class='ocrx_word' id='word_1_105' title='bbox 848 1483 987 1567; x_wconf 85' lang='lat' dir='ltr'>habitus,</span> <span class='ocrx_word' id='word_1_106' title='bbox 1003 1485 1131 1569; x_wconf 87' lang='lat' dir='ltr'>iamque</span> <span class='ocrx_word' id='word_1_107' title='bbox 1148 1492 1261 1547; x_wconf 87' lang='lat' dir='ltr'>canent</span> 
     </span>
     <span class='ocr_line' id='line_1_16' title="bbox 199 1571 1260 1658; baseline -0.001 -22"><span class='ocrx_word' id='word_1_108' title='bbox 199 1573 342 1657; x_wconf 88' lang='lat' dir='ltr'>insignes</span> <span class='ocrx_word' id='word_1_109' title='bbox 373 1583 404 1636; x_wconf 92' lang='lat' dir='ltr'>et</span> <span class='ocrx_word' id='word_1_110' title='bbox 432 1571 577 1636; x_wconf 86' lang='lat' dir='ltr'>hostibus</span> <span class='ocrx_word' id='word_1_111' title='bbox 610 1573 704 1637; x_wconf 90' lang='lat' dir='ltr'>simul</span> <span class='ocrx_word' id='word_1_112' title='bbox 732 1575 861 1658; x_wconf 90' lang='lat' dir='ltr'>suisque</span> <span class='ocrx_word' id='word_1_113' title='bbox 893 1573 1071 1636; x_wconf 88' lang='lat' dir='ltr'>monstrati.</span> <span class='ocrx_word' id='word_1_114' title='bbox 1118 1574 1260 1636; x_wconf 89' lang='lat' dir='ltr'>omnium</span> 
     </span>
     <span class='ocr_line' id='line_1_17' title="bbox 199 1661 1262 1748; baseline -0.003 -22"><span class='ocrx_word' id='word_1_115' title='bbox 199 1683 297 1748; x_wconf 86' lang='lat' dir='ltr'>penes</span> <span class='ocrx_word' id='word_1_116' title='bbox 313 1661 371 1726; x_wconf 91' lang='lat' dir='ltr'>hos</span> <span class='ocrx_word' id='word_1_117' title='bbox 387 1663 478 1726; x_wconf 89' lang='lat' dir='ltr'>initia</span> <span class='ocrx_word' id='word_1_118' title='bbox 493 1684 691 1747; x_wconf 70' lang='lat' dir='ltr'>pugnarum</span> <span class='ocrx_word' id='word_1_119' title='bbox 715 1661 793 1726; x_wconf 89' lang='lat' dir='ltr'>haec</span> <span class='ocrx_word' id='word_1_120' title='bbox 810 1663 915 1747; x_wconf 87' lang='lat' dir='ltr'>prima</span> <span class='ocrx_word' id='word_1_121' title='bbox 931 1684 1056 1746; x_wconf 84' lang='lat' dir='ltr'>semper</span> <span class='ocrx_word' id='word_1_122' title='bbox 1079 1663 1175 1744; x_wconf 76' lang='lat' dir='ltr'>acies,</span> <span class='ocrx_word' id='word_1_123' title='bbox 1191 1663 1262 1724; x_wconf 90' lang='lat' dir='ltr'>uisu</span> 
     </span>
     <span class='ocr_line' id='line_1_18' title="bbox 201 1749 1262 1838; baseline 0 -24"><span class='ocrx_word' id='word_1_124' title='bbox 201 1771 302 1833; x_wconf 81' lang='lat' dir='ltr'>noua3</span> <span class='ocrx_word' id='word_1_125' title='bbox 340 1772 414 1816; x_wconf 91' lang='lat' dir='ltr'>nam</span> <span class='ocrx_word' id='word_1_126' title='bbox 443 1773 483 1814; x_wconf 91' lang='lat' dir='ltr'>ne</span> <span class='ocrx_word' id='word_1_127' title='bbox 515 1753 548 1814; x_wconf 91' lang='lat' dir='ltr'>in</span> <span class='ocrx_word' id='word_1_128' title='bbox 577 1773 656 1838; x_wconf 90' lang='lat' dir='ltr'>pace</span> <span class='ocrx_word' id='word_1_129' title='bbox 684 1749 811 1836; x_wconf 90' lang='lat' dir='ltr'>quidem</span> <span class='ocrx_word' id='word_1_130' title='bbox 843 1751 930 1815; x_wconf 92' lang='lat' dir='ltr'>cultu</span> <span class='ocrx_word' id='word_1_131' title='bbox 961 1752 1088 1816; x_wconf 86' lang='lat' dir='ltr'>mitiore</span> <span class='ocrx_word' id='word_1_132' title='bbox 1116 1772 1262 1814; x_wconf 86' lang='lat' dir='ltr'>mansue·</span> 
     </span>
     <span class='ocr_line' id='line_1_19' title="bbox 200 1839 1263 1926; baseline 0.001 -24"><span class='ocrx_word' id='word_1_133' title='bbox 200 1849 301 1904; x_wconf 90' lang='lat' dir='ltr'>scunt.</span> <span class='ocrx_word' id='word_1_134' title='bbox 349 1840 426 1903; x_wconf 91' lang='lat' dir='ltr'>nulli</span> <span class='ocrx_word' id='word_1_135' title='bbox 449 1840 562 1904; x_wconf 90' lang='lat' dir='ltr'>domus</span> <span class='ocrx_word' id='word_1_136' title='bbox 586 1850 641 1903; x_wconf 92' lang='lat' dir='ltr'>ant</span> <span class='ocrx_word' id='word_1_137' title='bbox 670 1861 749 1925; x_wconf 87' lang='lat' dir='ltr'>ager</span> <span class='ocrx_word' id='word_1_138' title='bbox 772 1849 827 1904; x_wconf 91' lang='lat' dir='ltr'>aut</span> <span class='ocrx_word' id='word_1_139' title='bbox 851 1840 958 1925; x_wconf 87' lang='lat' dir='ltr'>aliqua</span> <span class='ocrx_word' id='word_1_140' title='bbox 980 1862 1072 1904; x_wconf 90' lang='lat' dir='ltr'>cura:</span> <span class='ocrx_word' id='word_1_141' title='bbox 1104 1849 1199 1926; x_wconf 89' lang='lat' dir='ltr'>prout</span> <span class='ocrx_word' id='word_1_142' title='bbox 1221 1839 1263 1903; x_wconf 86' lang='lat' dir='ltr'>ad</span> 
     </span>
     <span class='ocr_line' id='line_1_20' title="bbox 200 1928 1261 2014; baseline 0 -22"><span class='ocrx_word' id='word_1_143' title='bbox 200 1949 361 2014; x_wconf 82' lang='lat' dir='ltr'>quemque</span> <span class='ocrx_word' id='word_1_144' title='bbox 375 1951 502 2009; x_wconf 89' lang='lat' dir='ltr'>uenere,</span> <span class='ocrx_word' id='word_1_145' title='bbox 519 1929 657 2012; x_wconf 89' lang='lat' dir='ltr'>aluntur,</span> <span class='ocrx_word' id='word_1_146' title='bbox 677 1928 804 2014; x_wconf 85' lang='lat' dir='ltr'>prodigi</span> <span class='ocrx_word' id='word_1_147' title='bbox 820 1929 926 2014; x_wconf 82' lang='lat' dir='ltr'>alieni,</span> <span class='ocrx_word' id='word_1_148' title='bbox 950 1939 1187 2014; x_wconf 90' lang='lat' dir='ltr'>contemptores</span> <span class='ocrx_word' id='word_1_149' title='bbox 1203 1930 1261 2011; x_wconf 89' lang='lat' dir='ltr'>sni,</span> 
     </span>
     <span class='ocr_line' id='line_1_21' title="bbox 199 2017 1259 2104; baseline 0.003 -26"><span class='ocrx_word' id='word_1_150' title='bbox 199 2017 300 2082; x_wconf 90' lang='lat' dir='ltr'>donec</span> <span class='ocrx_word' id='word_1_151' title='bbox 316 2019 488 2102; x_wconf 83' lang='lat' dir='ltr'>exsanguis</span> <span class='ocrx_word' id='word_1_152' title='bbox 511 2027 658 2082; x_wconf 91' lang='lat' dir='ltr'>senectus</span> <span class='ocrx_word' id='word_1_153' title='bbox 674 2027 741 2082; x_wconf 90' lang='lat' dir='ltr'>tam</span> <span class='ocrx_word' id='word_1_154' title='bbox 760 2017 858 2081; x_wconf 90' lang='lat' dir='ltr'>durae</span> <span class='ocrx_word' id='word_1_155' title='bbox 874 2019 987 2082; x_wconf 88' lang='lat' dir='ltr'>uirtuti</span> <span class='ocrx_word' id='word_1_156' title='bbox 1000 2019 1140 2104; x_wconf 86' lang='lat' dir='ltr'>impares</span> <span class='ocrx_word' id='word_1_157' title='bbox 1152 2018 1259 2082; x_wconf 86' lang='lat' dir='ltr'>faciat.</span> 
     </span>
    </p>

    <p class='ocr_par' dir='ltr' id='par_1_4' title="bbox 195 2105 1267 2904">
     <span class='ocr_line' id='line_1_22' title="bbox 291 2105 1263 2173; baseline -0.002 -1"><span class='ocrx_word' id='word_1_158' title='bbox 291 2109 343 2173; x_wconf 81' lang='lat'>32.</span> <span class='ocrx_word' id='word_1_159' title='bbox 389 2108 533 2172; x_wconf 88' lang='lat' dir='ltr'>Proximi</span> <span class='ocrx_word' id='word_1_160' title='bbox 568 2105 693 2172; x_wconf 85' lang='lat' dir='ltr'>Chattis</span> <span class='ocrx_word' id='word_1_161' title='bbox 733 2116 856 2171; x_wconf 89' lang='lat' dir='ltr'>eertum</span> <span class='ocrx_word' id='word_1_162' title='bbox 890 2109 954 2172; x_wconf 90' lang='lat' dir='ltr'>iam</span> <span class='ocrx_word' id='word_1_163' title='bbox 988 2107 1080 2172; x_wconf 91' lang='lat' dir='ltr'>alueo</span> <span class='ocrx_word' id='word_1_164' title='bbox 1115 2107 1263 2170; x_wconf 85' lang='lat' dir='ltr'>Rhenum</span> 
     </span>
     <span class='ocr_line' id='line_1_23' title="bbox 201 2194 1262 2282; baseline 0 -24"><span class='ocrx_word' id='word_1_165' title='bbox 201 2198 319 2282; x_wconf 88' lang='lat' dir='ltr'>quique</span> <span class='ocrx_word' id='word_1_166' title='bbox 343 2198 498 2261; x_wconf 88' lang='lat' dir='ltr'>terminus</span> <span class='ocrx_word' id='word_1_167' title='bbox 523 2219 591 2262; x_wconf 91' lang='lat' dir='ltr'>esse</span> <span class='ocrx_word' id='word_1_168' title='bbox 624 2195 760 2260; x_wconf 81' lang='lat' dir='ltr'>sufficiat</span> <span class='ocrx_word' id='word_1_169' title='bbox 782 2195 876 2282; x_wconf 91' lang='lat' dir='ltr'>Vsipi</span> <span class='ocrx_word' id='word_1_170' title='bbox 905 2219 943 2260; x_wconf 88' lang='lat' dir='ltr'>ac</span> <span class='ocrx_word' id='word_1_171' title='bbox 967 2194 1121 2261; x_wconf 82' lang='lat' dir='ltr'>Tencteri</span> <span class='ocrx_word' id='word_1_172' title='bbox 1144 2196 1262 2260; x_wconf 86' lang='lat' dir='ltr'>colunt.</span> 
     </span>
     <span class='ocr_line' id='line_1_24' title="bbox 199 2284 1264 2372; baseline -0.001 -23"><span class='ocrx_word' id='word_1_173' title='bbox 199 2284 350 2350; x_wconf 78' lang='lat' dir='ltr'>Tencteri</span> <span class='ocrx_word' id='word_1_174' title='bbox 375 2308 470 2372; x_wconf 89' lang='lat' dir='ltr'>super</span> <span class='ocrx_word' id='word_1_175' title='bbox 494 2286 622 2350; x_wconf 89' lang='lat' dir='ltr'>solitum</span> <span class='ocrx_word' id='word_1_176' title='bbox 645 2285 801 2350; x_wconf 89' lang='lat' dir='ltr'>bellorum</span> <span class='ocrx_word' id='word_1_177' title='bbox 825 2285 921 2349; x_wconf 88' lang='lat' dir='ltr'>decus</span> <span class='ocrx_word' id='word_1_178' title='bbox 944 2287 1100 2370; x_wconf 87' lang='lat' dir='ltr'>equestris</span> <span class='ocrx_word' id='word_1_179' title='bbox 1125 2284 1264 2370; x_wconf 89' lang='lat' dir='ltr'>discipli·</span> 
     </span>
     <span class='ocr_line' id='line_1_25' title="bbox 195 2372 1264 2460; baseline -0.002 -22"><span class='ocrx_word' id='word_1_180' title='bbox 195 2397 257 2438; x_wconf 92' lang='lat' dir='ltr'>nae</span> <span class='ocrx_word' id='word_1_181' title='bbox 280 2384 349 2438; x_wconf 89' lang='lat' dir='ltr'>arte</span> <span class='ocrx_word' id='word_1_182' title='bbox 372 2374 587 2460; x_wconf 79' lang='lat' dir='ltr'>praecellunt3</span> <span class='ocrx_word' id='word_1_183' title='bbox 619 2397 679 2439; x_wconf 90' lang='lat' dir='ltr'>nec</span> <span class='ocrx_word' id='word_1_184' title='bbox 706 2376 808 2438; x_wconf 90' lang='lat' dir='ltr'>maior</span> <span class='ocrx_word' id='word_1_185' title='bbox 840 2375 927 2460; x_wconf 88' lang='lat' dir='ltr'>apud</span> <span class='ocrx_word' id='word_1_186' title='bbox 950 2372 1084 2438; x_wconf 80' lang='lat' dir='ltr'>Chattos</span> <span class='ocrx_word' id='word_1_187' title='bbox 1117 2372 1264 2459; x_wconf 90' lang='lat' dir='ltr'>peditum</span> 
     </span>
     <span class='ocr_line' id='line_1_26' title="bbox 195 2461 1265 2548; baseline 0.002 -22"><span class='ocrx_word' id='word_1_188' title='bbox 195 2463 279 2544; x_wconf 90' lang='lat' dir='ltr'>laus,</span> <span class='ocrx_word' id='word_1_189' title='bbox 313 2485 410 2548; x_wconf 89' lang='lat' dir='ltr'>quam</span> <span class='ocrx_word' id='word_1_190' title='bbox 435 2462 604 2528; x_wconf 81' lang='lat' dir='ltr'>Tencteris</span> <span class='ocrx_word' id='word_1_191' title='bbox 628 2467 779 2548; x_wconf 87' lang='lat' dir='ltr'>equitum.</span> <span class='ocrx_word' id='word_1_192' title='bbox 828 2461 882 2528; x_wconf 79' lang='lat' dir='ltr'>Sic</span> <span class='ocrx_word' id='word_1_193' title='bbox 912 2465 1078 2527; x_wconf 87' lang='lat' dir='ltr'>instituere</span> <span class='ocrx_word' id='word_1_194' title='bbox 1112 2464 1265 2546; x_wconf 86' lang='lat' dir='ltr'>maiores,</span> 
     </span>
     <span class='ocr_line' id='line_1_27' title="bbox 196 2552 1267 2637; baseline -0.001 -21"><span class='ocrx_word' id='word_1_195' title='bbox 196 2553 317 2637; x_wconf 90' lang='lat' dir='ltr'>posteri</span> <span class='ocrx_word' id='word_1_196' title='bbox 350 2554 525 2616; x_wconf 88' lang='lat' dir='ltr'>imitantur.</span> <span class='ocrx_word' id='word_1_197' title='bbox 572 2552 618 2616; x_wconf 91' lang='lat' dir='ltr'>Hi</span> <span class='ocrx_word' id='word_1_198' title='bbox 652 2553 739 2616; x_wconf 89' lang='lat' dir='ltr'>lusus</span> <span class='ocrx_word' id='word_1_199' title='bbox 773 2553 960 2632; x_wconf 85' lang='lat' dir='ltr'>infantium,</span> <span class='ocrx_word' id='word_1_200' title='bbox 995 2553 1075 2616; x_wconf 88' lang='lat' dir='ltr'>haec</span> <span class='ocrx_word' id='word_1_201' title='bbox 1109 2553 1267 2616; x_wconf 88' lang='lat' dir='ltr'>iuuenum</span> 
     </span>
     <span class='ocr_line' id='line_1_28' title="bbox 197 2641 1266 2726; baseline -0.003 -21"><span class='ocrx_word' id='word_1_202' title='bbox 197 2641 383 2725; x_wconf 79' lang='lat' dir='ltr'>aemulatio,</span> <span class='ocrx_word' id='word_1_203' title='bbox 409 2651 619 2726; x_wconf 88' lang='lat' dir='ltr'>perseuerant</span> <span class='ocrx_word' id='word_1_204' title='bbox 642 2663 743 2709; x_wconf 84' lang='lat' dir='ltr'>senos.</span> <span class='ocrx_word' id='word_1_205' title='bbox 791 2643 873 2706; x_wconf 90' lang='lat' dir='ltr'>inter</span> <span class='ocrx_word' id='word_1_206' title='bbox 897 2641 1051 2706; x_wconf 85' lang='lat' dir='ltr'>familiam</span> <span class='ocrx_word' id='word_1_207' title='bbox 1074 2650 1106 2704; x_wconf 88' lang='lat' dir='ltr'>et</span> <span class='ocrx_word' id='word_1_208' title='bbox 1129 2651 1266 2726; x_wconf 88' lang='lat' dir='ltr'>penates</span> 
     </span>
     <span class='ocr_line' id='line_1_29' title="bbox 197 2727 1266 2816; baseline -0.002 -22"><span class='ocrx_word' id='word_1_209' title='bbox 197 2739 228 2794; x_wconf 90' lang='lat' dir='ltr'>et</span> <span class='ocrx_word' id='word_1_210' title='bbox 251 2733 323 2794; x_wconf 89' lang='lat' dir='ltr'>iura</span> <span class='ocrx_word' id='word_1_211' title='bbox 346 2733 582 2794; x_wconf 89' lang='lat' dir='ltr'>successionum</span> <span class='ocrx_word' id='word_1_212' title='bbox 606 2732 680 2816; x_wconf 92' lang='lat' dir='ltr'>equi</span> <span class='ocrx_word' id='word_1_213' title='bbox 711 2727 899 2795; x_wconf 88' lang='lat' dir='ltr'>traduntur:</span> <span class='ocrx_word' id='word_1_214' title='bbox 933 2732 1052 2816; x_wconf 87' lang='lat' dir='ltr'>excipit</span> <span class='ocrx_word' id='word_1_215' title='bbox 1076 2728 1173 2812; x_wconf 88' lang='lat' dir='ltr'>filius,</span> <span class='ocrx_word' id='word_1_216' title='bbox 1199 2752 1266 2794; x_wconf 91' lang='lat' dir='ltr'>non</span> 
     </span>
     <span class='ocr_line' id='line_1_30' title="bbox 195 2818 1265 2904; baseline 0.001 -21"><span class='ocrx_word' id='word_1_217' title='bbox 195 2829 231 2883; x_wconf 86' lang='lat' dir='ltr'>ut</span> <span class='ocrx_word' id='word_1_218' title='bbox 256 2829 362 2884; x_wconf 88' lang='lat' dir='ltr'>cetera</span> <span class='ocrx_word' id='word_1_219' title='bbox 384 2821 544 2884; x_wconf 86' lang='lat' dir='ltr'>maximus</span> <span class='ocrx_word' id='word_1_220' title='bbox 567 2829 655 2903; x_wconf 85' lang='lat' dir='ltr'>natu,</span> <span class='ocrx_word' id='word_1_221' title='bbox 681 2819 736 2884; x_wconf 90' lang='lat' dir='ltr'>sed</span> <span class='ocrx_word' id='word_1_222' title='bbox 759 2829 854 2904; x_wconf 90' lang='lat' dir='ltr'>prout</span> <span class='ocrx_word' id='word_1_223' title='bbox 879 2819 969 2883; x_wconf 86' lang='lat' dir='ltr'>ferox</span> <span class='ocrx_word' id='word_1_224' title='bbox 989 2818 1073 2884; x_wconf 90' lang='lat' dir='ltr'>bello</span> <span class='ocrx_word' id='word_1_225' title='bbox 1091 2829 1122 2883; x_wconf 91' lang='lat' dir='ltr'>et</span> <span class='ocrx_word' id='word_1_226' title='bbox 1139 2818 1265 2884; x_wconf 88' lang='lat' dir='ltr'>melior.</span> 
     </span>
    </p>

    <p class='ocr_par' dir='ltr' id='par_1_5' title="bbox 194 2906 1271 3864">
     <span class='ocr_line' id='line_1_31' title="bbox 286 2906 1267 2991; baseline -0.003 -18"><span class='ocrx_word' id='word_1_227' title='bbox 286 2911 337 2973; x_wconf 86' lang='lat'>33.</span> <span class='ocrx_word' id='word_1_228' title='bbox 363 2907 459 2972; x_wconf 86' lang='lat' dir='ltr'>quta</span> <span class='ocrx_word' id='word_1_229' title='bbox 477 2907 654 2973; x_wconf 89' lang='lat' dir='ltr'>Tencteros</span> <span class='ocrx_word' id='word_1_230' title='bbox 670 2906 819 2972; x_wconf 88' lang='lat' dir='ltr'>Bructeri</span> <span class='ocrx_word' id='word_1_231' title='bbox 835 2910 910 2972; x_wconf 89' lang='lat' dir='ltr'>olim</span> <span class='ocrx_word' id='word_1_232' title='bbox 927 2908 1153 2991; x_wconf 83' lang='lat' dir='ltr'>occurrebant3</span> <span class='ocrx_word' id='word_1_233' title='bbox 1178 2929 1267 2974; x_wconf 86' lang='lat' dir='ltr'>nunc</span> 
     </span>
     <span class='ocr_line' id='line_1_32' title="bbox 197 2994 1267 3083; baseline -0.001 -23"><span class='ocrx_word' id='word_1_234' title='bbox 197 2994 378 3060; x_wconf 89' lang='lat' dir='ltr'>Chamauos</span> <span class='ocrx_word' id='word_1_235' title='bbox 395 3007 427 3060; x_wconf 88' lang='lat' dir='ltr'>et</span> <span class='ocrx_word' id='word_1_236' title='bbox 443 2995 655 3082; x_wconf 81' lang='lat' dir='ltr'>Angriuarios</span> <span class='ocrx_word' id='word_1_237' title='bbox 672 2998 877 3082; x_wconf 86' lang='lat' dir='ltr'>immigrasse</span> <span class='ocrx_word' id='word_1_238' title='bbox 892 3007 1042 3062; x_wconf 88' lang='lat' dir='ltr'>narratur</span> <span class='ocrx_word' id='word_1_239' title='bbox 1053 2997 1152 3083; x_wconf 89' lang='lat' dir='ltr'>pulsis</span> <span class='ocrx_word' id='word_1_240' title='bbox 1162 2995 1267 3060; x_wconf 90' lang='lat' dir='ltr'>Bruc-</span> 
     </span>
     <span class='ocr_line' id='line_1_33' title="bbox 194 3087 1267 3172; baseline 0.001 -23"><span class='ocrx_word' id='word_1_241' title='bbox 194 3087 272 3150; x_wconf 87' lang='lat' dir='ltr'>teris</span> <span class='ocrx_word' id='word_1_242' title='bbox 296 3109 333 3150; x_wconf 91' lang='lat' dir='ltr'>ac</span> <span class='ocrx_word' id='word_1_243' title='bbox 356 3088 484 3172; x_wconf 88' lang='lat' dir='ltr'>ponitus</span> <span class='ocrx_word' id='word_1_244' title='bbox 509 3089 625 3151; x_wconf 86' lang='lat' dir='ltr'>excisis</span> <span class='ocrx_word' id='word_1_245' title='bbox 641 3088 817 3161; x_wconf 86' lang='lat' dir='ltr'>uicinorum</span> <span class='ocrx_word' id='word_1_246' title='bbox 835 3109 990 3152; x_wconf 90' lang='lat' dir='ltr'>consensu</span> <span class='ocrx_word' id='word_1_247' title='bbox 1006 3090 1181 3168; x_wconf 85' lang='lat' dir='ltr'>nationum,</span> <span class='ocrx_word' id='word_1_248' title='bbox 1208 3109 1267 3150; x_wconf 88' lang='lat' dir='ltr'>seu</span> 
     </span>
     <span class='ocr_line' id='line_1_34' title="bbox 197 3174 1269 3262; baseline 0 -24"><span class='ocrx_word' id='word_1_249' title='bbox 197 3174 366 3260; x_wconf 89' lang='lat' dir='ltr'>superbiae</span> <span class='ocrx_word' id='word_1_250' title='bbox 390 3174 462 3239; x_wconf 92' lang='lat' dir='ltr'>odio</span> <span class='ocrx_word' id='word_1_251' title='bbox 487 3199 542 3240; x_wconf 90' lang='lat' dir='ltr'>seu</span> <span class='ocrx_word' id='word_1_252' title='bbox 566 3175 706 3262; x_wconf 87' lang='lat' dir='ltr'>praedae</span> <span class='ocrx_word' id='word_1_253' title='bbox 729 3174 895 3240; x_wconf 89' lang='lat' dir='ltr'>dulcedine</span> <span class='ocrx_word' id='word_1_254' title='bbox 919 3199 974 3240; x_wconf 91' lang='lat' dir='ltr'>seu</span> <span class='ocrx_word' id='word_1_255' title='bbox 997 3176 1107 3240; x_wconf 87' lang='lat' dir='ltr'>fauore</span> <span class='ocrx_word' id='word_1_256' title='bbox 1123 3175 1269 3260; x_wconf 86' lang='lat' dir='ltr'>quodam</span> 
     </span>
     <span class='ocr_line' id='line_1_35' title="bbox 195 3263 1266 3351; baseline 0.001 -24"><span class='ocrx_word' id='word_1_257' title='bbox 195 3286 274 3348; x_wconf 84' lang='lat' dir='ltr'>erga</span> <span class='ocrx_word' id='word_1_258' title='bbox 295 3287 353 3328; x_wconf 90' lang='lat' dir='ltr'>nos</span> <span class='ocrx_word' id='word_1_259' title='bbox 376 3263 525 3348; x_wconf 83' lang='lat' dir='ltr'>deorum3</span> <span class='ocrx_word' id='word_1_260' title='bbox 548 3287 624 3330; x_wconf 88' lang='lat' dir='ltr'>nam</span> <span class='ocrx_word' id='word_1_261' title='bbox 647 3288 687 3330; x_wconf 88' lang='lat' dir='ltr'>ne</span> <span class='ocrx_word' id='word_1_262' title='bbox 708 3266 889 3351; x_wconf 89' lang='lat' dir='ltr'>spectaculo</span> <span class='ocrx_word' id='word_1_263' title='bbox 907 3263 1034 3350; x_wconf 89' lang='lat' dir='ltr'>quidem</span> <span class='ocrx_word' id='word_1_264' title='bbox 1050 3265 1164 3350; x_wconf 89' lang='lat' dir='ltr'>proelii</span> <span class='ocrx_word' id='word_1_265' title='bbox 1179 3266 1266 3328; x_wconf 89' lang='lat' dir='ltr'>inui-</span> 
     </span>
     <span class='ocr_line' id='line_1_36' title="bbox 195 3352 1270 3439; baseline -0.001 -22"><span class='ocrx_word' id='word_1_266' title='bbox 195 3352 281 3417; x_wconf 90' lang='lat' dir='ltr'>dere.</span> <span class='ocrx_word' id='word_1_267' title='bbox 330 3376 426 3439; x_wconf 89' lang='lat' dir='ltr'>super</span> <span class='ocrx_word' id='word_1_268' title='bbox 443 3352 526 3422; x_wconf 70' lang='lat' dir='ltr'>LX.</span> <span class='ocrx_word' id='word_1_269' title='bbox 543 3354 631 3418; x_wconf 92' lang='lat' dir='ltr'>milia</span> <span class='ocrx_word' id='word_1_270' title='bbox 653 3377 716 3419; x_wconf 91' lang='lat' dir='ltr'>non</span> <span class='ocrx_word' id='word_1_271' title='bbox 740 3356 838 3418; x_wconf 90' lang='lat' dir='ltr'>armis</span> <span class='ocrx_word' id='word_1_272' title='bbox 861 3355 998 3439; x_wconf 88' lang='lat' dir='ltr'>telisque</span> <span class='ocrx_word' id='word_1_273' title='bbox 1014 3354 1180 3437; x_wconf 86' lang='lat' dir='ltr'>Romanis,</span> <span class='ocrx_word' id='word_1_274' title='bbox 1208 3352 1270 3418; x_wconf 90' lang='lat' dir='ltr'>sed</span> 
     </span>
     <span class='ocr_line' id='line_1_37' title="bbox 197 3441 1268 3528; baseline -0.001 -22"><span class='ocrx_word' id='word_1_275' title='bbox 197 3442 284 3528; x_wconf 92' lang='lat' dir='ltr'>quod</span> <span class='ocrx_word' id='word_1_276' title='bbox 306 3441 565 3526; x_wconf 87' lang='lat' dir='ltr'>magnificentius</span> <span class='ocrx_word' id='word_1_277' title='bbox 582 3453 640 3525; x_wconf 87' lang='lat' dir='ltr'>est,</span> <span class='ocrx_word' id='word_1_278' title='bbox 666 3445 872 3508; x_wconf 89' lang='lat' dir='ltr'>oblectationi</span> <span class='ocrx_word' id='word_1_279' title='bbox 888 3445 1051 3528; x_wconf 86' lang='lat' dir='ltr'>oculisque</span> <span class='ocrx_word' id='word_1_280' title='bbox 1067 3442 1268 3506; x_wconf 88' lang='lat' dir='ltr'>ceciderunt.</span> 
     </span>
     <span class='ocr_line' id='line_1_38' title="bbox 195 3533 1270 3618; baseline 0.002 -24"><span class='ocrx_word' id='word_1_281' title='bbox 195 3540 340 3609; x_wconf 86' lang='lat' dir='ltr'>maneat,</span> <span class='ocrx_word' id='word_1_282' title='bbox 365 3554 499 3617; x_wconf 84' lang='lat' dir='ltr'>quaeso,</span> <span class='ocrx_word' id='word_1_283' title='bbox 524 3533 682 3618; x_wconf 86' lang='lat' dir='ltr'>duretque</span> <span class='ocrx_word' id='word_1_284' title='bbox 705 3534 869 3618; x_wconf 85' lang='lat' dir='ltr'>gentibus,</span> <span class='ocrx_word' id='word_1_285' title='bbox 900 3534 927 3596; x_wconf 90' lang='lat' dir='ltr'>si</span> <span class='ocrx_word' id='word_1_286' title='bbox 950 3553 1014 3595; x_wconf 92' lang='lat' dir='ltr'>non</span> <span class='ocrx_word' id='word_1_287' title='bbox 1036 3554 1126 3596; x_wconf 90' lang='lat' dir='ltr'>amor</span> <span class='ocrx_word' id='word_1_288' title='bbox 1150 3533 1270 3615; x_wconf 87' lang='lat' dir='ltr'>nostri,</span> 
     </span>
     <span class='ocr_line' id='line_1_39' title="bbox 195 3619 1271 3708; baseline 0 -25"><span class='ocrx_word' id='word_1_289' title='bbox 195 3629 229 3684; x_wconf 88' lang='lat' dir='ltr'>at</span> <span class='ocrx_word' id='word_1_290' title='bbox 253 3631 341 3685; x_wconf 87' lang='lat' dir='ltr'>certe</span> <span class='ocrx_word' id='word_1_291' title='bbox 364 3619 471 3686; x_wconf 91' lang='lat' dir='ltr'>odium</span> <span class='ocrx_word' id='word_1_292' title='bbox 495 3625 554 3704; x_wconf 85' lang='lat' dir='ltr'>sui,</span> <span class='ocrx_word' id='word_1_293' title='bbox 580 3623 706 3708; x_wconf 92' lang='lat' dir='ltr'>quando</span> <span class='ocrx_word' id='word_1_294' title='bbox 729 3622 919 3706; x_wconf 85' lang='lat' dir='ltr'>urgentibus</span> <span class='ocrx_word' id='word_1_295' title='bbox 942 3623 1068 3707; x_wconf 88' lang='lat' dir='ltr'>imperii</span> <span class='ocrx_word' id='word_1_296' title='bbox 1091 3620 1167 3684; x_wconf 81' lang='lat' dir='ltr'>fatis</span> <span class='ocrx_word' id='word_1_297' title='bbox 1183 3621 1271 3684; x_wconf 89' lang='lat' dir='ltr'>nihil</span> 
     </span>
     <span class='ocr_line' id='line_1_40' title="bbox 194 3709 1269 3796; baseline 0 -24"><span class='ocrx_word' id='word_1_298' title='bbox 194 3711 259 3774; x_wconf 92' lang='lat' dir='ltr'>iam</span> <span class='ocrx_word' id='word_1_299' title='bbox 284 3720 448 3796; x_wconf 89' lang='lat' dir='ltr'>praestare</span> <span class='ocrx_word' id='word_1_300' title='bbox 471 3711 616 3774; x_wconf 83' lang='lat' dir='ltr'>Fortuna</span> <span class='ocrx_word' id='word_1_301' title='bbox 645 3713 746 3776; x_wconf 90' lang='lat' dir='ltr'>maius</span> <span class='ocrx_word' id='word_1_302' title='bbox 777 3720 883 3796; x_wconf 89' lang='lat' dir='ltr'>potest</span> <span class='ocrx_word' id='word_1_303' title='bbox 916 3732 1012 3796; x_wconf 90' lang='lat' dir='ltr'>quam</span> <span class='ocrx_word' id='word_1_304' title='bbox 1035 3709 1175 3774; x_wconf 91' lang='lat' dir='ltr'>hostium</span> <span class='ocrx_word' id='word_1_305' title='bbox 1202 3711 1269 3774; x_wconf 91' lang='lat' dir='ltr'>dis-</span> 
     </span>
     <span class='ocr_line' id='line_1_41' title="bbox 196 3797 346 3864; baseline 0.013 -2"><span class='ocrx_word' id='word_1_306' title='bbox 196 3797 346 3864; x_wconf 86' lang='lat' dir='ltr'>cordiam.</span> 
     </span>
    </p>
   </div>
   <div class='ocr_carea' id='block_1_3' title="bbox 0 0 1366 4258">
    <p class='ocr_par' dir='ltr' id='par_1_6' title="bbox 0 0 1366 4258">
     <span class='ocr_line' id='line_1_42' title="bbox 0 0 1366 4258; baseline 0 0"><span class='ocrx_word' id='word_1_307' title='bbox 0 0 1366 4258; x_wconf 95' lang='lat' dir='ltr'> </span> 
     </span>
    </p>
   </div>
  </div>
 </body>
</html>
