2708 4258
560 138 757 200 -7-

128 331 253 397 quoque
278 314 425 377 ciuitates
448 313 482 377 id
505 335 637 398 nomen,
666 335 705 378 ea
728 314 832 399 gloria
856 325 920 398 est,
945 317 972 378 si
995 336 1129 380 numero
1153 338 1192 382 ac

127 401 245 465 uirtute
269 403 439 466 comitatus
462 403 609 466 emineat.

213 489 420 576 Expetuntur
434 493 519 556 enim
541 491 755 575 legationibus
779 502 811 556 et
834 493 1020 558 muneribus
1037 502 1192 558 ornantur

127 581 252 664 etipsa
275 581 464 667 plerumque
487 581 574 646 fama
597 581 681 646 bella
684 580 888 685 profligant.
936 583 985 647 14.
1010 579 1092 647 Cum
1115 605 1191 648 uen-

126 677 194 732 tum
224 670 256 732 in
288 671 403 753 aciem,
436 678 541 774 turpe
554 671 698 757 principi
715 673 834 736 uirtute
859 672 953 755 uinci,
977 680 1071 758 turpe
1095 674 1190 736 comi·

125 759 207 822 tatui
229 759 293 822 uirt
280 767 382 822 tutem
405 760 559 846 principis
582 782 647 824 non
670 759 859 864 adaequare.

214 845 285 952 Iam
315 869 391 911 uero
423 847 582 912 infame
573 870 605 912 ιιι
638 871 765 913 omnem
795 851 897 914 uitam
929 870 967 913 ac
998 849 1190 936 probrosum

125 938 330 1022 superstitem
356 937 493 1022 principi
516 959 573 1001 suo
596 960 636 1001 ex
659 939 729 1002 acie
751 941 938 1004 recessisse.
968 937 1057 1002 illum
1081 937 1190 1004 defen·

125 1024 211 1109 dere,
235 1027 328 1108 tueri,
353 1048 411 1090 sua
434 1047 560 1112 quoque
579 1027 675 1091 fortia
695 1028 761 1091 fact
748 1037 782 1092 ta
797 1027 963 1113 gloriae
937 1049 1003 1091 eius
1020 1025 1190 1112 adsignare

125 1117 336 1201 praecipuum
361 1125 597 1180 sacramentum
622 1126 679 1180 est.

213 1203 379 1290 Principes
403 1227 460 1290 pro
476 1205 612 1269 uictoria
634 1215 790 1292 pugnant,
812 1207 944 1270 comites
960 1226 1018 1291 pro
1034 1183 1188 1292 principe.

213 1290 249 1358 Si
273 1295 397 1377 ciuitas,
422 1295 455 1358 in
479 1315 541 1379 qua
565 1295 627 1357 orti
651 1305 734 1378 sunt,
758 1295 857 1379 longa
879 1317 958 1380 paee
983 1304 1015 1358 et
1038 1296 1102 1359 otio
1126 1304 1190 1359 tor·

123 1392 213 1467 psat,
241 1382 388 1468 plerique
409 1383 564 1446 nobilium
596 1381 848 1448 adulescentium
880 1393 992 1470 petunt
1021 1384 1069 1448 ult
1056 1393 1105 1448 tro
1135 1406 1189 1449 eas

123 1473 289 1555 nationes,
321 1493 402 1557 quae
433 1482 501 1536 tum
533 1471 651 1536 bellum
684 1472 812 1558 aliquod
837 1483 964 1558 gerunt,
989 1474 1118 1559 quiaet
1141 1475 1188 1538 in·

124 1571 219 1646 grata
252 1563 342 1645 genti
372 1563 461 1646 quies
495 1570 527 1625 et
556 1561 681 1625 facilius
712 1564 795 1626 inter
827 1564 978 1648 ancipitia
1011 1562 1190 1627 clarescunt

123 1671 342 1735 magnumque
366 1651 554 1715 comitatum
577 1672 640 1714 non
664 1653 724 1715 nisi
746 1654 779 1715 ui
803 1651 950 1737 belloque
973 1661 1091 1715 tueare.

212 1738 358 1824 Exigunt
391 1740 477 1802 enim
507 1741 659 1825 principis
690 1742 739 1804 sui
762 1740 954 1805 liberalitate
976 1740 1066 1804 illum
1089 1740 1187 1804 bella-

123 1837 228 1892 torem
267 1850 396 1914 equom,
433 1828 521 1892 illam
555 1838 719 1893 cruentam
754 1831 985 1915 uictricemque
1022 1830 1187 1894 frameam.

122 1916 210 1982 Nam
231 1918 345 2003 epulae
369 1926 411 2001 et,
436 1939 631 2003 quamquam
655 1920 823 2005 incompti,
852 1919 936 2003 largi
959 1927 1069 1984 tamen
1092 1939 1189 2005 appa-

121 2015 211 2070 ratus
243 2028 302 2094 pro
339 2005 496 2159 sttipendio
531 2007 662 2092 cedunt
698 2009 834 2073 materia
865 2005 1060 2072 munificent'
1038 2017 1101 2072 trae
1131 2029 1189 2094 per

122 2095 207 2160 bella
231 2107 261 2160 et
283 2104 404 2182 raptus.
452 2095 522 2159 Nec
545 2119 638 2161 arare
662 2105 782 2161 terram
806 2107 861 2160 aut
884 2107 999 2183 expect
1000 2119 1053 2160 are
1069 2117 1189 2161 annum

122 2193 188 2249 tam
223 2185 316 2249 facile
347 2186 560 2270 persuaseris,
590 2207 719 2338 quamt
711 2207 827 2249 uocare
851 2185 923 2250 host
910 2195 975 2250 tem
1000 2194 1032 2250 et
1055 2175 1188 2250 uolnera

122 2275 247 2338 mereri.
296 2275 431 2359 Pigrum
454 2275 530 2358 quin
559 2275 704 2338 immoe
687 2275 827 2338 etiners
850 2272 976 2339 uidetur
999 2272 1114 2339 sudore
1137 2297 1187 2339 ac·

121 2365 265 2449 quirere,
291 2363 375 2448 quod
398 2364 500 2448 possis
524 2364 678 2448 sanguine
701 2385 825 2449 parare.

213 2453 263 2519 15.
288 2449 444 2528 Quotiens
467 2451 551 2516 bella
574 2473 637 2516 non
659 2453 785 2537 ineunt,
813 2474 877 2517 non
901 2453 1037 2517 multum
1064 2455 1187 2517 uenati-

122 2543 196 2623 bus,
228 2541 299 2627 plus
331 2563 390 2628 per
423 2542 523 2605 otium
555 2543 737 2625 transigunt
768 2541 867 2607 dediti
898 2564 1009 2606 somno
1032 2543 1186 2627 ciboque3

121 2631 315 2695 fortissimus
339 2632 473 2716 quisque
496 2653 534 2693 ac
557 2629 817 2696 bellicosissimus
844 2629 924 2695 nihil
953 2653 1071 2715 agens,
1102 2630 1187 2695 dele·

121 2729 200 2804 gata
229 2717 342 2783 domus
374 2728 406 2783 et
435 2720 600 2805 penatium
625 2729 656 2783 et
678 2741 831 2804 agrorum
855 2741 932 2785 cura
953 2719 1081 2784 feminis
1104 2721 1188 2784 seni·

124 2809 245 2894 busque
275 2818 307 2873 et
338 2807 553 2872 infirmissimo
584 2811 698 2895 cuique
729 2832 770 2875 ex
798 2810 937 2894 familia3
968 2810 1029 2894 ipsi
1058 2808 1186 2894 hebent,

121 2901 204 2963 mira
234 2895 421 2962 diuersitate
453 2907 604 2981 naturae,
636 2898 817 2962 cumidem
841 2897 985 2963 homines
1010 2899 1055 2962 sie
1079 2908 1188 2964 ament

121 2987 269 3052 inertiam
294 2995 326 3050 et
350 2987 476 3051 oderint
500 2987 650 3072 quietem.

210 3073 282 3139 Mos
315 3086 364 3140 est
395 3076 577 3140 ciuitatibus
610 3075 692 3140 ultro
723 3098 760 3140 ac
787 3076 908 3139 uiritim
931 3075 1078 3140 conferre
1100 3077 1186 3163 prin·

121 3167 246 3251 cipibus
280 3164 332 3229 uel
364 3173 581 3230 armentorum
613 3164 665 3228 uel
696 3164 840 3249 frugum,
873 3165 958 3250 quod
985 3187 1044 3250 pro
1067 3163 1187 3229 honore

122 3264 293 3340 acceptum
317 3256 416 3319 etiam
439 3255 685 3318 necessitatibus
709 3255 868 3318 subuenit.

210 3341 363 3409 Gaudent
385 3344 559 3428 praecipue
581 3341 789 3407 finitimarum
812 3345 958 3427 gentium
978 3341 1078 3426 donis,
1104 3363 1186 3427 quae

120 3455 184 3496 non
215 3431 310 3496 modo
341 3455 359 3496 a
390 3431 540 3515 singulis,
574 3430 630 3496 sed
662 3441 694 3496 et
724 3432 852 3518 publice
881 3433 1066 3512 mittuntur,
1093 3431 1187 3495 electi

120 3526 205 3607 equi,
229 3543 349 3606 magna
372 3543 472 3601 arma,
489 3519 641 3606 phalerae
657 3531 864 3607 torquesque3
889 3524 954 3586 iam
970 3529 1002 3584 et
1017 3521 1187 3606 pecuniam

120 3613 268 3696 accipere
292 3609 468 3674 docuimus.

213 3701 262 3764 16.
287 3697 401 3764 Nullas
426 3697 662 3772 Germanorum
686 3699 811 3785 populis
834 3697 930 3762 urbes
952 3696 1091 3762 habitari
1109 3697 1186 3762 satis

121 3797 233 3852 notum
257 3798 319 3874 est,
342 3811 383 3854 ne
405 3790 473 3874 pati
497 3786 627 3874 quidem
650 3789 733 3852 inter
757 3810 791 3853 se
813 3789 938 3852 iunctas
962 3785 1062 3853 sedes.
