2708 4258
562 143 757 210 ...3-

213 317 397 404 Argentum
418 327 451 382 et
466 341 580 383 aurum
601 320 773 406 propitiine
789 341 829 383 an
845 321 919 384 irati
935 319 979 385 dii
994 322 1189 405 negauerint

126 407 247 473 dubito.

214 495 285 561 Nec
310 506 420 560 tamen
443 495 683 562 adfirmaucrim
710 497 830 562 nullam
854 495 1049 562 Germaniae
1072 519 1188 562 uenam

125 596 295 671 argeutum
328 606 482 648 aurumue
515 587 666 670 gignerc3
703 589 773 672 quis
808 589 892 650 enim
924 596 1082 652 scrutatus
1116 586 1190 652 est?

124 678 328 762 possessione
352 682 384 738 et
407 696 466 738 usu
490 673 576 739 haud
599 675 734 762 proinde
756 674 959 742 adficiuntur.

212 765 273 828 Est
296 763 406 828 uidere
430 764 515 850 apud
538 764 609 828 illos
632 774 788 849 argentea
810 787 896 848 uasa,
922 765 1037 849 legatis
1054 773 1087 829 et
1103 765 1189 850 prin·

125 853 249 939 cipibus
281 875 391 916 eorum
421 855 548 917 muneri
578 852 666 936 data,
699 876 763 918 non
792 855 825 917 in
855 854 918 918 alia
944 854 1069 918 uilitate
1091 875 1189 938 quam

125 965 206 1028 quae
224 942 322 1006 humo
343 941 519 1024 finguntur.
558 963 752 1028 quamquam
771 945 910 1028 proximi
930 942 971 1006 ob
993 964 1087 1007 usum
1103 965 1187 1006 oom-

124 1033 318 1097 merciorum
340 1053 453 1094 aurum
470 1039 502 1095 et
518 1040 689 1115 argentum
712 1034 745 1096 in
767 1034 871 1118 pretio
894 1031 1030 1114 habent,
1054 1031 1187 1094 formas·

124 1143 185 1207 que
210 1118 363 1206 quasdam
395 1129 523 1184 nostrae
551 1122 707 1206 pecuniae
731 1130 909 1205 agnoscunt
932 1129 1030 1206 atque
1054 1120 1187 1205 eligunt.

212 1208 387 1274 Interiores
412 1209 585 1295 simplicius
604 1218 637 1273 et
661 1211 821 1296 antiquius
844 1209 1081 1296 permutatione
1104 1232 1187 1274 mer·

124 1300 208 1364 cium
233 1307 375 1362 utuntur.

212 1389 388 1452 Pecuniam
418 1387 556 1472 probant
584 1395 728 1452 ueterem
752 1396 784 1451 et
807 1386 862 1450 diu
891 1397 1017 1470 notam,
1048 1398 1189 1451 serratos

122 1477 323 1562 bigatosque.

212 1565 393 1650 Argentum
411 1585 538 1650 quoque
554 1566 659 1649 magis
675 1585 772 1649 quam
787 1585 900 1629 aurum
917 1575 1078 1648 secuntur,
1102 1564 1189 1630 nulla

124 1655 297 1720 affectione
320 1655 434 1735 animi,
459 1652 514 1717 sed
539 1655 615 1739 quia
637 1675 790 1717 numerus
813 1663 1041 1737 argenteorum
1065 1653 1190 1718 facilior

123 1745 195 1808 usui
220 1753 270 1808 cst
293 1743 474 1829 promiscua
498 1765 536 1806 ac
559 1741 637 1806 uilia
659 1743 888 1806 mercantibus.
937 1745 965 1808 6.
991 1740 1043 1806 Ne
1065 1743 1188 1806 ferrum

124 1833 255 1919 quidem
278 1840 439 1918 superest,
464 1832 547 1895 sicut
571 1852 754 1915 exgenere
778 1830 915 1896 telorum
939 1831 1107 1914 colligitur.

213 1922 291 1985 Rari
321 1920 437 2005 gladiis
467 1928 523 1984 aut
552 1920 726 1984 maioribus
754 1919 873 1984 lanceis
900 1931 1046 1985 utuntur:
1078 1920 1188 1984 hastas

123 2010 176 2074 uel
204 2013 346 2096 ipsorum
377 2008 534 2074 uocabulo
566 2009 707 2074 frameas
734 2019 852 2093 gerunt
875 2019 1012 2093 angusto
1036 2018 1069 2073 et
1095 2010 1188 2074 breui

123 2100 219 2184 ferro,
237 2097 293 2164 sed
308 2101 355 2164 ita
370 2101 436 2164 acri
457 2108 489 2162 et
510 2096 551 2161 ad
566 2121 659 2162 usum
674 2098 783 2182 habili,
807 2108 843 2162 ut
860 2096 972 2162 eodem
994 2098 1068 2182 telo,
1092 2108 1188 2184 prout

124 2190 206 2252 ratio
231 2190 347 2274 poscit,
372 2187 424 2252 uel
447 2188 624 2251 comminus
647 2187 699 2251 uel
723 2189 846 2251 eminus
870 2196 1023 2274 pugnent.

213 2277 257 2340 Et
290 2299 387 2363 eques
420 2276 548 2362 quidem
582 2285 671 2340 scuto
704 2275 889 2362 frameaque
922 2284 1090 2340 contentus
1122 2285 1187 2360 est3

124 2364 250 2452 pedites
274 2377 307 2431 et
329 2365 463 2430 missilia
484 2373 641 2449 spargunt
664 2365 819 2451 pluraque
849 2365 984 2450 singuli,
1014 2374 1110 2450 atque
1142 2367 1189 2430 in-

124 2477 272 2520 mensum
295 2456 434 2539 uibrant,
459 2454 537 2518 nudi
556 2465 611 2518 aut
635 2455 746 2539 sagulo
769 2454 867 2519 leues.
903 2455 990 2519 nulla
1004 2454 1107 2519 cultus
1123 2455 1186 2518 iac·

123 2546 218 2628 tati03
244 2553 336 2610 scuta
358 2553 483 2608 tantum
505 2544 688 2608 lectissimis
708 2543 866 2608 coloribus
882 2543 1070 2628 distingunt.
1109 2565 1186 2629 pau·

124 2635 169 2698 cis
192 2634 325 2714 loricae,
357 2635 411 2696 uix
434 2634 487 2696 uni
511 2632 646 2697 alteriue
670 2633 769 2696 cassis
792 2642 848 2698 aut
870 2633 973 2718 galea.
1019 2633 1101 2717 Equi
1124 2655 1189 2696 non

123 2723 245 2806 forma,
269 2745 333 2787 non
354 2721 527 2786 uelocitate
551 2723 724 2807 conspicui.

215 2809 280 2877 Sed
303 2833 363 2877 nec
386 2813 512 2875 uariare
536 2832 635 2896 gyros
658 2811 691 2875 in
714 2832 837 2874 morem
859 2821 1004 2875 nostrum
1020 2810 1188 2874 docentur:

123 2902 156 2965 in
180 2910 304 2966 rectum
325 2910 381 2964 aut
402 2922 465 2963 uno
480 2899 566 2964 flexu
582 2898 712 2964 dextros
728 2910 837 2983 agunt,
854 2901 900 2963 ita
916 2901 1084 2964 coniuncto
1101 2898 1189 2983 orbe,

123 2999 159 3053 ut
193 3011 289 3054 nemo
322 2991 478 3075 posterior
513 2990 563 3052 sit.
617 2990 652 3052 in
683 2989 869 3053 uniuersum
900 2988 1083 3053 aestimanti
1116 2987 1188 3075 plus

122 3101 222 3165 penes
252 3078 394 3165 peditem
421 3077 559 3161 roboris3
585 3099 686 3163 eoque
708 3079 801 3141 mixti
825 3078 1033 3164 proeliantur,
1057 3087 1138 3162 apta·
1157 3086 1190 3141 et

123 3176 321 3252 congruente
356 3165 398 3232 ad
433 3177 617 3252 equestrem
650 3188 792 3252 pugnam
829 3166 1000 3231 uelocitate
1032 3165 1187 3252 peditum,

123 3279 204 3343 quos
228 3279 269 3320 ex
293 3257 379 3320 omni
402 3258 569 3320 iuuentute
592 3255 732 3320 delectos
756 3265 832 3319 ante
854 3258 957 3320 aciem
980 3256 1097 3320 locant.

213 3343 375 3409 Definitur
396 3353 428 3409 ct
450 3366 618 3409 numerus:
644 3346 771 3409 centeni
787 3366 827 3408 ex
843 3345 977 3428 singulis
994 3344 1086 3430 pagis
1103 3352 1187 3426 sunt,

122 3432 220 3520 idque
243 3437 348 3519 ipsum
363 3436 448 3498 inter
464 3456 537 3497 suos
559 3443 725 3517 uocantur,
750 3442 782 3497 et
805 3434 891 3519 quod
913 3435 1053 3519 primum
1075 3453 1186 3496 nume-

122 3546 177 3587 rus
201 3523 278 3605 fuit,
303 3525 367 3586 iam
390 3545 508 3587 nomen
531 3531 563 3585 et
585 3521 688 3586 honor
712 3531 769 3587 cst.

212 3612 310 3676 Acies
333 3634 391 3697 per
411 3633 527 3675 cuneos
543 3612 753 3698 componitur.
789 3610 904 3676 cedere
919 3610 998 3694 loco,
1016 3609 1188 3674 dummodo

122 3723 233 3765 rursus
257 3703 371 3783 iustas,
396 3699 519 3765 consilii
543 3721 640 3785 quam
663 3698 841 3765 formidinis
864 3700 1071 3764 arbitrantur.
1110 3698 1188 3764 Ocr-

122 3811 203 3876 pora
233 3811 364 3853 suorum
394 3789 490 3854 etiam
516 3791 548 3852 iu
572 3786 677 3853 dubiis
699 3789 828 3875 proeliis
851 3789 1004 3856 referunt.
1052 3786 1188 3854 Scutum
