2708 4258
597 123 816 184 ..20-

171 304 246 369 dam
269 311 367 388 etque
391 303 488 366 etiam
504 301 648 366 uolucris
663 299 813 364 animalia
829 299 1019 386 plerumque
1035 299 1236 384 interlucent,

172 416 255 480 quae
277 391 444 479 implicata
466 413 577 455 umore
599 411 675 453 mox
696 387 887 454 durescente
903 391 1040 453 materia
1055 388 1236 454 eluduntur.

171 479 374 549 Fecundiore
396 482 496 565 igitur
516 503 649 544 nemore
664 480 826 564 lucosque,
852 480 933 543 sicut
949 480 1078 542 orientis
1095 482 1237 561 secretis,

172 572 227 638 ubi
247 581 323 635 tura
336 570 544 656 balsamaque
560 567 724 649 sudantur,
749 569 795 632 ita
811 567 984 632 occidentis
1000 568 1109 632 insulis
1129 571 1237 632 terris-

173 684 236 748 que
251 663 354 725 inesse
366 656 567 742 crediderim,
581 681 663 744 quae
675 660 772 722 uicini
785 657 859 722 solis
871 657 969 721 radiis
982 680 1134 744 expressa
1142 667 1240 744 atque

171 752 194 815 li
217 751 327 816 uentia
342 751 376 814 in
391 750 573 834 proximum
589 771 678 812 mare
694 746 846 812 labuntur
861 770 899 810 ac
914 749 947 811 ui
962 756 1189 834 tempestatum
1206 749 1240 810 in

172 773 308 905 aduersa
330 840 424 903 litora
448 836 620 902 exundant.
665 839 694 902 si
716 847 864 902 naturam
888 837 989 902 sucini
1012 837 1141 901 admoto
1164 838 1239 921 igne

172 939 325 1015 temptes,
352 931 386 992 in
409 925 539 991 modum
570 925 686 991 taedae
714 925 897 990 accenditur
925 925 1045 1012 alitque
1075 926 1239 991 flammam

173 1021 327 1106 pinguem
345 1027 377 1082 et
401 1017 548 1100 olentem,
571 1039 647 1080 mox
662 1017 746 1079 utin
761 1019 866 1103 picem
886 1018 1067 1080 resinamue
1082 1017 1237 1080 lentescit.

262 1105 435 1174 Suionibus
460 1104 608 1172 Sitonum
640 1115 753 1190 gentes
784 1107 1019 1172 continuantur.
1068 1114 1178 1170 cetere
1200 1108 1239 1168 si·

174 1197 265 1261 miles
288 1219 352 1260 uno
376 1193 539 1279 differunt,
571 1193 655 1282 qnod
678 1195 799 1258 femina
827 1193 1023 1259 dominatur:
1059 1197 1092 1258 in
1114 1204 1240 1260 tantum

172 1309 236 1351 non
259 1285 354 1350 modo
377 1309 397 1350 a
419 1285 579 1367 libertate,
605 1283 661 1348 sed
684 1285 782 1349 etiam
805 1308 825 1348 a
848 1286 1004 1348 seruitute
1027 1285 1235 1370 degenerant.

174 1375 239 1440 Hic
262 1372 397 1440 Suebiae
420 1372 502 1438 finis.
851 1434 853 1436 ,

264 1465 316 1528 46.
364 1464 584 1529 Peucinorum.
600 1461 885 1548 Venethorumque
916 1471 949 1526 et
971 1463 1156 1527 Fennorum
1187 1486 1240 1528 na-

174 1557 278 1618 tiones
307 1551 478 1618 Germanie
509 1576 550 1617 an
574 1551 732 1618 Sarmatis
756 1552 937 1616 adscribam
968 1552 1094 1635 dubito,
1130 1575 1239 1638 quam-

176 1665 272 1729 quam
295 1643 445 1726 Peucini,
480 1665 558 1728 quos
583 1642 721 1728 quidam'
737 1641 912 1706 Bastarnas
935 1652 1064 1726 uocant,
1096 1665 1241 1708 sermone

178 1731 265 1796 cultu
289 1731 366 1796 sede
389 1754 427 1795 ee
451 1731 619 1796 domiciliis
642 1742 677 1794 ut
700 1729 857 1798 Germani
884 1741 993 1816 agunt.
1041 1730 1152 1796 sordes
1176 1755 1239 1796 om·

175 1823 265 1886 nium
293 1843 330 1884 ac
362 1830 473 1908 torpor
502 1843 672 1908 procerum
705 1821 849 1886 conubiis
879 1823 998 1886 mixtos
1021 1843 1084 1885 non
1107 1823 1186 1886 nihil
1208 1825 1241 1886 in

178 1909 400 1976 Sarmatarum
423 1909 567 1976 habitum
591 1908 731 1975 foedant.
778 1910 917 1974 Venethi
939 1912 1076 1976 multum
1092 1934 1133 1974 ex
1148 1915 1243 1975 mori-

176 2001 236 2065 bus
252 2008 430 2067 traxerunt.
458 2021 533 2064 nam
550 1996 702 2086 quicquid
718 2001 803 2064 inter
816 2000 972 2064 Peucinos
985 2001 1177 2087 Fennosque
1193 2001 1243 2065 sil-

176 2112 291 2154 uarum
309 2113 346 2154 ac
367 2089 521 2154 montium
538 2091 674 2174 erigitur
689 2090 862 2154 latrociniis
879 2101 1062 2174 pererrant:
1087 2090 1120 2154 hi
1136 2099 1244 2154 tamen

176 2181 261 2244 inter
276 2176 457 2243 Germanos
473 2181 578 2264 potius
594 2179 787 2264 referuntur,
804 2181 880 2264 quia
894 2188 927 2242 et
942 2180 1053 2244 domos
1069 2179 1196 2264 fingunt
1212 2190 1244 2244 et

177 2278 267 2332 scuta
283 2277 411 2352 gestant
426 2277 459 2332 et
482 2267 622 2354 peduum
644 2291 705 2332 usu
728 2292 765 2332 ac
781 2269 970 2355 pernicitate
986 2267 1136 2353 gaudent,
1161 2293 1244 2356 quae

178 2359 285 2422 omnia
298 2357 425 2422 diuersa
434 2355 592 2422 Sarmatis
602 2368 676 2423 sunt
691 2359 723 2421 in
736 2357 879 2445 plaustro
892 2380 1037 2445 equoque
1048 2360 1242 2428 uiuentibus.

266 2447 387 2511 Fennis
411 2448 492 2510 mira
514 2447 637 2529 feritas,
662 2445 758 2512 foeda
773 2457 960 2534 paupertas:
984 2471 1048 2511 non
1064 2471 1163 2530 arma,
1180 2471 1245 2512 non

178 2539 262 2623 equi,
288 2558 351 2600 non
375 2545 524 2622 penates3
560 2538 660 2600 uictui
684 2536 798 2620 herbe,
833 2538 963 2601 uestitui
986 2537 1102 2624 pelles,
1139 2538 1245 2602 cubile

177 2628 309 2692 humus:
341 2625 428 2690 solae
461 2627 494 2690 in
527 2627 653 2710 sagittis
676 2649 760 2713 spes,
785 2648 864 2712 ques
888 2627 995 2713 inopia
1017 2628 1095 2691 ferri
1119 2629 1245 2692 ossibus

177 2723 337 2802 asperent.
384 2714 534 2802 idemque
556 2725 692 2780 uenatus
715 2716 801 2778 uiros
824 2715 998 2802 pariterue
1014 2715 1149 2781 feminas
1169 2718 1245 2801 elit3

177 2806 297 2892 passim
322 2806 406 2868 enim
431 2806 625 2869 comitantur
641 2814 831 2891 partemque
854 2807 993 2891 praedae
1016 2814 1137 2892 petunt.
1185 2829 1246 2870 nec

178 2892 264 2960 aliud
287 2894 463 2958 infantibus
486 2894 627 2958 ferarum
650 2895 866 2982 imbriumque
889 2895 1071 2980 suffugium,
1097 2918 1193 2981 quem
1210 2905 1247 2960 ut

178 2987 211 3048 in
228 2983 334 3069 aliquo
350 3005 513 3049 ramorum
528 3006 614 3048 nexu
630 2993 857 3067 contegentur:
874 2984 936 3049 huc
952 2983 1087 3050 redeunt
1102 2987 1245 3070 iuuenes,

178 3075 239 3139 hoc
262 3095 375 3137 senum
398 3073 646 3159 receptaculum.
694 3072 751 3138 sed
771 3073 897 3138 beatius
917 3073 1123 3159 arbitrantur,
1148 3098 1246 3162 quam

178 3165 345 3246 ingemere
361 3163 458 3248 agris,
480 3162 660 3228 inlaborare
676 3161 833 3244 domibus,
858 3185 930 3228 suas
946 3163 1129 3250 alienasque
1146 3165 1246 3230 fortu-

179 3275 237 3318 nas
260 3275 318 3338 spe
340 3261 491 3339 metuque
513 3275 653 3317 uersare.
700 3254 804 3318 securi
827 3251 981 3318 aduersus
1010 3253 1168 3338 homines,
1197 3278 1245 3320 se·

180 3344 249 3407 euri
267 3341 421 3406 aduersus
436 3342 522 3424 deos,
546 3365 615 3406 rem
631 3340 852 3408 difficillimam
868 3341 1013 3408 adsecuti
1029 3353 1116 3428 sunt,
1132 3353 1168 3408 ut
1183 3344 1247 3410 illis

179 3454 220 3496 ne
236 3440 311 3496 uoto
328 3430 457 3516 quidem
481 3454 560 3518 opus
583 3441 677 3500 esset.

188 3583 192 3594 ,
270 3519 387 3584 Cetera
415 3522 480 3584 iam
507 3521 662 3586 fabulosa.
709 3520 871 3586 Hellusios
899 3529 932 3586 et
955 3521 1088 3586 Etionas
1112 3543 1169 3587 ora
1191 3521 1246 3587 ho-

115 3663 117 3667 .
180 3611 301 3674 minum
325 3609 511 3696 uoltusque,
548 3633 683 3697 corpora
712 3620 809 3697 atque
832 3619 921 3677 artus
951 3611 1092 3676 ferarum
1120 3633 1246 3698 gerere.

180 3697 265 3788 quod
288 3721 349 3785 ego
372 3709 408 3764 ut
429 3701 663 3789 incompertum
686 3703 719 3766 in
742 3699 882 3766 medium
905 3701 1093 3789 relinquam.

610 3862 819 3906 —ootoso—
