2708 4258
629 141 844 202 ,10-

202 329 281 404 gunt
287 369 296 402 ,
331 329 496 404 tamqnam
528 320 623 382 etiam
650 319 792 381 animum
815 316 938 380 firmius
962 325 993 381 et
1016 315 1146 381 domum
1170 317 1266 381 latius

201 418 339 474 teneant.
386 405 521 472 heredes
543 417 653 472 tamen
677 427 938 491 successoresque
962 407 1011 470 sui
1031 407 1145 492 cuique
1161 406 1265 489 liberi,

201 507 233 564 et
256 497 378 561 nullum
401 505 639 562 testamentum.
691 492 726 560 Si
757 497 851 560 liberi
885 517 949 560 non
981 504 1069 577 sunt,
1099 497 1266 581 proximus

200 585 318 672 gradus
341 587 374 649 in
397 587 597 672 possessione
620 585 754 668 fratres,
777 585 899 670 patrui,
930 583 1088 649 auonouli.
1134 581 1266 661 Quanto

201 677 271 764 plus
295 676 563 762 propinquorum,
595 696 657 760 quo
681 675 782 737 maior
804 671 950 739 affinium
972 695 1140 757 numerus,
1172 682 1265 738 tanto

202 765 324 852 gratior
348 775 508 854 senectus3
533 786 593 828 nec
616 762 681 826 ulla
703 763 851 827 orbitatis
874 763 988 848 pretia.

289 855 340 920 21.
364 851 534 940 Suscipere
550 862 618 917 tam
633 852 815 916 inimicitias
832 873 888 915 seu
904 853 1006 937 patris
1021 873 1078 916 seu
1092 851 1267 936 propinqui

201 964 296 1028 quam
313 944 470 1007 amicitias
486 963 617 1006 necesse
633 949 697 1024 est3
721 963 781 1005 nec
793 941 1000 1026 inplacabiles
1017 939 1147 1004 durant:
1165 939 1266 1004 luitur

202 1035 287 1096 enim
320 1034 417 1096 etiam
447 1029 655 1095 homicidium
686 1039 772 1094 certo
800 1038 1017 1094 armentorum
1045 1051 1083 1095 ac
1112 1050 1267 1114 pecorum

198 1143 332 1185 numero
355 1122 533 1206 recipitque
556 1119 806 1184 satisfactionem
828 1120 979 1184 uniuersa
998 1117 1121 1202 domus,
1145 1118 1266 1182 utiliter

200 1211 233 1274 in
255 1209 432 1296 publicum,
466 1209 542 1294 quia
572 1209 815 1294 periculosiores
847 1216 921 1272 sunt
953 1208 1140 1272 inimicitiae
1174 1209 1267 1272 iuxta

201 1299 393 1364 libertatem.

289 1386 496 1452 Conuictibus
513 1395 545 1450 et
560 1385 706 1472 hospitiis
717 1407 781 1450 non
793 1385 858 1449 alia
869 1406 948 1468 gens
963 1384 1092 1448 effirsius
1109 1383 1264 1468 indulget.
1344 1421 1345 1438 ε

200 1473 442 1561 Quemcumque
467 1475 649 1540 mortalium
672 1497 782 1539 arcere
804 1483 891 1538 tecto
915 1473 1005 1538 nefas
1028 1473 1181 1557 habetur3
1205 1496 1266 1560 pro

201 1566 329 1630 fortuna
353 1567 489 1650 quisque
513 1565 674 1650 apparatis
697 1563 798 1651 epulis
822 1564 951 1648 excipit.
999 1559 1081 1626 Cum
1105 1561 1265 1644 defecere,
1344 1603 1345 1608 κ

201 1655 255 1740 qui
284 1653 379 1718 modo
407 1653 522 1741 hospes
557 1653 663 1718 fuerat
694 1661 890 1718 monstrator
924 1652 1054 1738 hospitii
1084 1661 1117 1716 et
1145 1674 1264 1736 comes,

225 1745 383 1806 roximam
407 1741 537 1806 domum
561 1763 624 1806 non
639 1743 766 1806 inuitati
781 1741 909 1806 adeunt.
945 1763 1004 1805 nee
1019 1743 1168 1806 interest:
1193 1742 1267 1827 pari

201 1766 400 1897 humanitate
422 1833 632 1918 accipiuntur.
667 1830 789 1895 Notum
811 1832 1021 1916 ignotumque
1045 1839 1200 1916 quantum
1223 1829 1267 1895 ad

200 1922 248 1985 ius
272 1919 405 2006 hospitis
428 1943 521 1985 nemo
546 1920 707 1986 discernit.
753 1919 902 2004 abeunti,
936 1918 1041 2004 siquid
1073 1921 1265 2006 poposcerit,

204 2009 381 2075 concedere
413 2011 524 2094 moris3
561 2020 592 2074 et
619 2007 772 2095 poscendi
803 2010 941 2073 inuicem
973 2007 1084 2072 eadem
1118 2008 1266 2074 facilitas.
1344 2001 1345 2028 l

202 2097 355 2164 Gaudent
378 2099 573 2182 muneribus,
599 2098 656 2163 sed
678 2119 738 2162 nec
761 2097 837 2162 data
860 2099 1019 2184 imputant
1042 2120 1101 2162 neo
1124 2099 1267 2184 acceptis

202 2188 394 2272 obligantur.

291 2275 416 2364 [Victus
443 2278 528 2341 inter
550 2276 691 2362 hospites
715 2272 837 2361 comis]
884 2277 936 2339 22.
968 2278 1077 2340 statim
1101 2298 1119 2340 e
1143 2296 1265 2359 somno,

202 2388 297 2452 quem
327 2366 514 2452 plerumque
543 2367 576 2428 in
603 2364 689 2430 diem
721 2365 907 2444 extrahunt,
940 2365 1103 2445 leuantur,
1137 2366 1266 2450 saepius

202 2454 318 2538 calida,
354 2464 390 2519 ut
423 2453 508 2540 apud
540 2476 619 2540 quos
642 2455 814 2540 plurimum
847 2452 948 2517 hiems
976 2463 1121 2540 occupat.
1169 2451 1267 2517 Lauti

201 2544 308 2608 cibum
342 2545 485 2629 capiunt:
520 2553 687 2629 separatae
721 2543 855 2627 singulis
889 2539 979 2605 sedes
1008 2553 1040 2607 et
1070 2564 1127 2607 sua
1151 2544 1267 2628 cuique

200 2655 320 2698 mensa.
368 2633 453 2698 Tum
482 2631 523 2698 ad
551 2635 683 2716 negotia
715 2655 775 2696 nec
804 2632 909 2695 minus
933 2653 1030 2717 saepe
1053 2630 1093 2698 ad
1118 2633 1268 2696 conuiuia

201 2722 379 2808 procedunt
402 2723 526 2786 armati.
574 2722 671 2786 Diem
695 2729 885 2805 noctemque
908 2723 1096 2785 continuare
1123 2719 1267 2805 potando

201 2811 279 2876 nulli
302 2813 464 2898 probrum.
512 2809 668 2895 Crebrae,
692 2819 728 2874 ut
751 2811 836 2875 inter
858 2811 1054 2893 uinulentos,
1078 2811 1168 2874 rixae
1191 2833 1267 2874 raro
1343 2853 1344 2894 ,

203 2902 364 2984 conuiciis,
390 2902 516 2985 saepius
539 2900 636 2965 caede
659 2908 690 2964 et
713 2899 898 2963 uulneribus
921 2901 1151 2982 transiguntur.
1343 2897 1344 2934 l

289 2986 356 3054 Sed
379 2999 412 3054 et
436 2987 475 3052 de
498 2987 740 3054 reconciliandis
763 2989 902 3052 inuicem
924 2989 1061 3052 inimicis
1084 2999 1116 3052 et
1131 2989 1267 3072 iungen-

200 3076 249 3142 dis
271 3078 479 3142 affinitatibus
503 3087 535 3142 et
558 3075 772 3142 adsciscendis
788 3078 996 3164 principibus,
1022 3077 1062 3141 de
1081 3099 1161 3164 pace
1177 3076 1266 3141 deni-

202 3189 263 3253 que
285 3191 323 3232 ac
346 3167 430 3232 bello
454 3167 644 3254 plerumque
659 3169 691 3230 in
712 3168 868 3230 conuiuiis
885 3167 1075 3250 consultant,
1099 3175 1267 3250 tamquam

200 3255 286 3320 nullo
310 3258 414 3342 magis
436 3265 582 3342 tempore
604 3265 660 3320 aut
683 3255 724 3319 ad
747 3255 907 3341 simplices
928 3257 1138 3340 cogitationes
1154 3265 1267 3340 pateat

201 3347 323 3411 animus
346 3346 465 3411 autad
488 3367 623 3430 magnas
645 3345 828 3409 incalescat.

292 3432 381 3499 Gens
412 3457 476 3499 non
506 3444 611 3498 astuta
640 3455 700 3497 neo
732 3431 846 3498 callida
876 3435 980 3518 aperit
1012 3431 1115 3496 adhuc
1143 3445 1268 3498 secreta

200 3525 339 3610 pectoris
361 3525 491 3590 licentia
514 3524 584 3590 ioci.
616 3521 705 3606 Ergo
722 3522 848 3586 detecta
864 3532 896 3586 et
912 3519 996 3586 nuda
1016 3524 1157 3586 onmium
1174 3544 1267 3587 mens

199 3622 328 3699 postera
350 3613 402 3678 die
426 3620 629 3690 retractatur,
654 3621 686 3676 et
709 3612 798 3676 salua
821 3613 986 3698 utriusque
1010 3612 1165 3698 temporis
1181 3614 1267 3676 ratio

201 3711 263 3766 est:
289 3701 482 3785 deliberant,
508 3701 584 3766 dum
606 3700 730 3785 fingere
753 3703 916 3784 nesciunt,
941 3703 1152 3783 constituunt,
1188 3701 1267 3765 dum
1342 3781 1343 3786 ἵ

200 3814 307 3857 errare
331 3814 393 3855 non
417 3800 559 3878 possunt.
