2708 4258
534 146 731 208 -9-„

98 331 195 406 atque
227 322 366 386 inuicem
399 323 469 407 ipsa
498 343 661 386 armorum
691 319 812 406 aliquid
835 323 905 385 uiro
928 321 1043 386 adfert.
1090 320 1163 384 Hoc

98 413 276 474 maximum
299 411 474 486 uinculum,
506 409 587 474 11666
615 432 734 476 616616
761 433 867 493 sacra,
898 409 956 474 hos
980 409 1163 493 coniugales

99 499 175 564 deos
199 498 406 568 arbitrantur.
452 496 505 563 Ne
536 522 570 564 66
597 501 712 564 mulier
744 507 837 564 extra
865 501 1021 564 uirtutum
1044 501 1164 583 cogita-

98 591 201 652 tiones
234 597 390 674 extraque
416 588 572 653 bellorum
601 611 692 654 casus
726 597 833 674 putet,
867 589 950 674 ipsis·
979 590 1163 675 incipientis

98 679 295 742 matrimonii
317 679 467 764 auspiciis
491 676 692 760 admonetur,
716 678 828 742 uenire
852 700 885 742 se
908 678 1055 742 laborum
1078 680 1161 764 peri-

98 767 306 852 culorumque
330 767 459 851 sociam,
483 766 570 832 idem
592 768 625 831 in
647 789 737 853 pace,
761 766 849 831 idem
863 768 896 831 in
912 767 1033 853 proelio
1052 789 1163 852 passu·

97 879 167 920 ram
191 878 422 941 ausuramque:
457 853 519 920 hoc
541 857 642 920 iuncti
665 857 764 920 boues
771 907 780 940 ,
812 855 872 920 hoc
895 863 1026 941 paratus
1050 877 1160 942 equus,

97 944 160 1008 hoc
183 943 258 1008 data
281 967 372 1009 arma
388 944 586 1010 denuntiant.
627 945 673 1010 sic
688 943 871 1028 uiuendum,
896 945 942 1008 sic
957 943 1160 1030 pariendum:

98 1035 246 1122 accipere
268 1056 302 1098 se
326 1056 408 1120 quae
431 1034 541 1099 liberis
564 1035 719 1099 inuiolata
742 1057 779 1099 ao
802 1033 901 1118 digna
923 1033 1046 1115 reddat,
1079 1056 1162 1120 quae

97 1145 197 1188 nurus
234 1125 393 1209 accipiant
430 1145 556 1206 rursus,
604 1145 685 1210 quae
723 1121 763 1186 ad
801 1133 933 1209 nepotes
971 1123 1159 1188 referantur.

100 1214 150 1276 19.
175 1211 265 1295 Ergo
300 1221 413 1298 saepta
443 1210 599 1298 pudicitia
630 1221 746 1297 agunt,
781 1213 875 1279 nullis
908 1211 1162 1298 spectaculorum

98 1301 273 1384 illecebris,
314 1301 408 1365 nullis
446 1303 667 1367 conuiuiorum
709 1300 941 1366 irritationibus
980 1310 1160 1388 corruptae.

100 1389 301 1454 Litterarum
324 1399 450 1456 secreta
472 1393 534 1455 uiri
556 1391 679 1476 pariter
702 1413 740 1454 ac
763 1390 902 1454 feminae
926 1393 1084 1475 ignorant.

188 1477 387 1544 Paucissima
405 1481 438 1543 in
453 1488 520 1544 tam
537 1501 707 1544 numerosa
723 1488 821 1563 gente
836 1479 1003 1562 adulteria,
1028 1501 1161 1564 quorum

97 1589 202 1654 poena
223 1590 375 1654 praesens
400 1577 431 1632 et
447 1570 570 1633 maritis
586 1569 754 1654 permissa:
780 1569 912 1633 abscisis
929 1569 1079 1652 crinibus,
1103 1587 1160 1632 nu·

98 1654 221 1741 datam,
256 1679 364 1722 coram
395 1659 583 1744 propinquis
612 1657 742 1744 expellit
770 1656 863 1722 domo
887 1660 1020 1722 maritus
1044 1681 1081 1722 ac
1104 1679 1162 1743 per

98 1768 226 1810 omnem
248 1748 356 1811 uicum
378 1746 512 1812 uerbere
535 1748 613 1832 agit.
661 1746 847 1810 Publioatae
877 1749 960 1810 enim
990 1747 1162 1833 pudicitiae

55 1837 58 1842 ’
97 1835 185 1899 nulla
206 1837 317 1900 uenia:
341 1858 405 1900 non
427 1835 540 1920 forma,
565 1857 628 1900 non
651 1844 766 1917 aetate,
790 1857 852 1900 non
876 1837 989 1922 opibus
1011 1838 1161 1900 maritum

97 1926 266 1989 inuenerit.
313 1924 418 1989 Nemo
447 1927 532 1989 enim
554 1925 619 1989 11116
642 1926 721 1989 uitia
744 1924 840 2008 ridet,
874 1947 934 1988 nec
956 1946 1162 2010 corrumpere

99 2023 130 2078 et
154 2015 316 2100 corrumpi
339 2013 502 2078 saeculum
525 2024 668 2079 uocatur.
701 2011 815 2078 Melius
840 2014 969 2100 quidem
984 2013 1088 2079 adhuc
1104 2036 1161 2078 eae

98 2104 261 2188 ciuitates,
294 2105 328 2166 in
351 2104 466 2188 quibus
488 2111 614 2168 tantum
638 2104 781 2186 uirgines
803 2104 928 2166 nubunt
951 2110 983 2166 61
1007 2125 1080 2166 cum
1104 2125 1160 2188 spc

97 2200 236 2278 notoque
268 2193 376 2256 uxoris
409 2192 508 2256 661161
541 2192 739 2276 transigitur.
786 2187 840 2256 Sic
873 2213 971 2255 unum
1000 2193 1162 2277 accipiunt

98 2283 251 2345 maritum
274 2279 432 2366 quomodo
456 2303 555 2344 unum
580 2302 695 2366 corpus
718 2303 878 2366 unamque
901 2282 1010 2365 uitam,
1034 2303 1075 2345 nc
1098 2279 1163 2344 ulla

98 2372 251 2454 cogitatio
267 2370 361 2452 ultra,
378 2393 418 2435 ne
435 2369 560 2454 longior
575 2368 743 2456 cupiditas,
760 2393 802 2435 ne
818 2382 983 2456 tamquam
999 2372 1160 2454 maritum,

99 2458 155 2524 sed
179 2469 344 2544 tamquam
366 2460 604 2524 matrimonium
620 2467 737 2524 ament.
845 2532 846 2535 Ἴ

188 2548 367 2613 Numerum
382 2549 556 2614 liberorum
573 2548 664 2613 finire
680 2557 735 2612 aut
751 2569 943 2633 quemquam
961 2571 1001 2612 ex
1016 2546 1164 2632 adgnatis

99 2659 216 2702 166616
239 2637 398 2722 flagitium
420 2637 566 2722 habetur,
591 2639 725 2724 plusque
748 2637 794 2701 ibi
816 2638 892 2702 boni
915 2660 1021 2701 mores
1044 2637 1162 2722 ualent,

99 2749 195 2813 quam
219 2727 296 2790 alibi
319 2726 421 2790 bonae
444 2726 542 2812 leges.
590 2729 641 2794 20.
666 2725 706 2790 In
729 2727 816 2790 omni
832 2725 927 2790 domo
942 2725 1020 2790 nudi
1036 2748 1073 2790 66
1097 2748 1162 2790 sor-

97 2813 163 2880 didi
186 2818 218 2879 in
236 2814 299 2880 hos
323 2825 421 2900 artus,
446 2818 478 2880 in
499 2815 579 2880 haec
595 2837 739 2901 corpora,
764 2836 845 2900 quae
861 2816 1026 2898 miramur,
1051 2837 1161 2880 excre-

97 2915 198 2969 scunt.
247 2926 304 2968 sua
327 2926 487 2990 quemque
510 2915 614 2969 mater
636 2905 789 2969 uberibus
812 2905 878 2988 alit,
903 2926 962 2969 1166
986 2903 1108 2968 61611116
1124 2927 1162 2969 66

97 2994 276 3059 nutricibus
299 2993 497 3078 delegantur.
544 2993 722 3058 Dominum
749 3017 787 3058 66
815 3016 944 3058 seruum
967 2993 1061 3058 nullis
1085 2991 1160 3058 edu·

98 3085 233 3147 cationis
257 3081 377 3147 deliciis
401 3081 564 3147 dinoscas:
599 3085 684 3147 inter
707 3083 820 3146 eadem
843 3105 969 3168 pecora,
994 3084 1027 3146 in
1051 3081 1162 3146 eadem

97 3172 194 3236 humo
234 3171 369 3256 degunt,
413 3171 514 3236 donec
556 3181 645 3244 aetas
685 3180 813 3257 separet
850 3173 1022 3256 ingenuos,
1058 3173 1160 3235 uirtus

96 3269 261 3346 agnoscat.
287 3258 369 3326 Sera
381 3261 532 3324 iuuenum
545 3283 656 3342 uenus,
675 3282 777 3347 coque
793 3260 983 3325 inexhausta
998 3261 1159 3346 pubertas.

97 3350 166 3414 Neo
190 3350 331 3434 uirgines
354 3349 554 3414 festinantur.
602 3350 714 3414 eadem
737 3351 884 3434 iuuenta,
916 3349 1027 3413 similis
1051 3372 1159 3436 proce

96 3441 191 3522 ritas3
224 3461 318 3524 pares
346 3439 537 3525 ualidaeque
565 3440 754 3522 miscentur,
787 3461 825 3503 66
852 3438 969 3502 robora
992 3447 1160 3524 parentum

97 3529 190 3594 liberi
213 3528 364 3592 referunt.

187 3615 340 3683 Sororum
364 3614 437 3681 filiis
460 3615 544 3680 idem
568 3615 653 3702 apud
677 3617 870 3680 auunculum
894 3617 949 3702 qui
971 3617 1013 3680 ad
1036 3625 1161 3702 patrem

97 3705 207 3771 honor.
239 3703 378 3783 Quidam
402 3707 594 3770 sanctiorem
618 3707 831 3792 artioremque
855 3705 938 3769 hunc
953 3727 1072 3770 nexum
1088 3728 1159 3770 san·

98 3796 203 3881 guinis
227 3795 423 3859 arbitrantur
447 3804 479 3859 et
501 3796 534 3858 11
557 3795 751 3880 accipiendis
775 3793 938 3858 obsidibus
966 3797 1069 3880 magis
1094 3797 1158 3859 cxi-
