2708 4258
511 160 731 224 ..15-

179 339 232 404 34.
265 339 476 422 Angriuarios
512 347 545 402 et
580 335 761 402 Chamauos
796 359 815 401 a
849 348 942 421 tergo
977 336 1155 420 Dulgubnii

90 424 306 510 (Dulcubimi,
330 427 531 510 Dulcubuni,
556 426 735 510 Dulgibini)
766 436 798 489 et
828 424 996 490 Chasuarii
1024 423 1156 490 cludunt

90 516 235 601 aliaeque
266 525 379 601 gentes
402 515 480 580 haut
504 514 635 602 perinde
658 524 869 598 memoratae,
899 538 919 578 a
941 515 1046 579 fronte
1069 515 1154 580 Frisi

90 607 263 691 excipiunt.
309 604 483 670 maioribus
506 604 745 690 minoribusque
765 604 865 668 Frisis
889 603 1080 669 uocabulum
1104 614 1154 668 est

90 716 130 758 ex
159 692 253 758 modo
280 695 406 758 uirium.
453 706 606 779 utraeque
629 695 774 760 nationes
797 715 899 779 usque
922 693 963 758 ad
988 691 1153 758 Oceanum

87 783 200 847 Rheno
230 792 462 868 praetexuntur
488 784 698 868 ambiuntque
726 784 888 846 inmensos
911 785 1042 867 insuper
1064 783 1152 846 lacus

90 884 122 936 et
145 871 298 936 Romanis
322 872 476 937 classibus
499 873 678 956 nauigatos.
725 873 831 958 ipsum
855 873 931 958 quin
954 872 1052 936 etiam
1071 869 1152 936 Oce-

90 983 185 1024 anum
209 961 263 1026 illa
286 963 531 1047 temptauimus,
558 970 591 1025 et
615 983 780 1047 superesse
804 959 907 1024 adhuc
930 959 1082 1024 Herculis
1102 982 1152 1024 co·

86 1049 211 1114 lumnas
235 1051 322 1114 fama
344 1049 502 1134 uolgauit,
528 1051 595 1114 siue
623 1050 701 1114 adiit
724 1049 898 1133 Hercules,
923 1071 979 1113 seu
1003 1046 1154 1134 quicquid

86 1139 205 1224 ubique
238 1138 445 1223 magnificum
476 1148 538 1222 est,
569 1141 602 1202 in
632 1138 811 1204 claritatem
843 1140 911 1202 eius
934 1139 1056 1203 referre
1079 1160 1151 1201 con-

86 1229 253 1292 sensimus.
300 1250 360 1292 nec
394 1227 496 1292 defuit
527 1227 678 1292 audentia
709 1227 815 1292 Druso
849 1225 1059 1292 Germanico:
1095 1225 1153 1291 sed

87 1317 212 1382 obstitit
237 1316 386 1382 Oceanus
416 1319 449 1380 in
473 1340 507 1380 se
531 1318 625 1382 simul
648 1328 747 1403 atque
770 1318 803 1382 in
826 1316 1001 1380 Herculem
1025 1317 1151 1400 inquiri.

87 1428 162 1469 mox
191 1427 284 1470 nemo
314 1407 502 1492 temptauit,
533 1408 737 1492 sanctiusque
765 1429 803 1471 ac
825 1407 1026 1470 reuerentius
1049 1407 1153 1470 uisum

86 1493 125 1558 de
149 1496 230 1559 actis
254 1493 386 1559 deorum
409 1494 539 1560 credere
563 1517 659 1581 quam
683 1497 774 1560 scire.

175 1586 227 1652 35.
259 1583 426 1649 Hactenus
456 1586 489 1648 in
521 1582 721 1649 occidentem
752 1582 962 1650 Germaniam
994 1584 1150 1647 nouimus.

84 1674 118 1736 in
151 1675 402 1759 septentrionem
433 1675 555 1758 ingenti
585 1671 671 1737 flexu
700 1673 792 1739 redit.
839 1696 878 1737 ac
910 1674 1013 1759 primo
1044 1673 1153 1736 statim

85 1761 290 1826 Chaucorum
314 1784 401 1847 gens,
427 1784 622 1848 quamquam
645 1764 779 1850 incipiat
800 1784 821 1826 a
842 1763 944 1826 Frisis
967 1783 1005 1826 ac
1028 1772 1153 1846 partem

83 1851 187 1914 litoris
205 1861 355 1937 occupet,
380 1853 531 1934 omnium,
556 1874 634 1938 quas
659 1853 803 1938 exposui,
828 1853 974 1936 gentium
997 1850 1152 1914 lateribus

86 1938 285 2024 obtenditur,
320 1939 421 2005 donec
453 1944 486 2004 in
510 1937 643 2004 Chattos
672 1963 775 2026 usque
797 1941 953 2006 sinuetur.
1001 1937 1084 2002 Tam
1106 1941 1152 2002 in·
1184 1999 1186 2006 .

84 2051 231 2093 mensum
254 2039 412 2094 terrarum
438 2031 577 2116 spatium
596 2052 660 2094 non
678 2037 789 2094 tenent
804 2038 929 2094 tantum
947 2027 1078 2108 Chauci,
1096 2026 1153 2092 sed

85 2127 117 2182 et
140 2119 285 2204 implent,
310 2119 445 2205 populus
469 2120 551 2183 inter
576 2116 757 2184 Germanos
781 2118 1010 2201 nobilissimus,
1035 2119 1153 2202 quique

83 2206 341 2290 magnitudinem
364 2230 455 2272 suam
477 2207 568 2272 malit
585 2209 709 2273 iustitia
731 2209 825 2272 tueri.
873 2209 941 2271 sine
965 2206 1151 2292 cupiditate,

83 2299 153 2360 sine
182 2299 373 2382 inpotentia,
407 2299 508 2382 quieti
540 2299 718 2383 secretique
746 2297 833 2362 nulla
857 2304 1034 2383 prouocant
1057 2294 1150 2379 bella,

83 2384 178 2449 nullis
202 2385 346 2471 raptibus
369 2402 425 2450 aut
447 2386 623 2450 latrociniis
646 2386 849 2472 populantur.
889 2384 928 2450 Id
944 2387 1153 2471 praecipuum

82 2475 211 2539 uirtutis
235 2497 272 2539 ac
295 2477 411 2539 uirium
436 2484 663 2559 argumentum
686 2486 748 2559 est,
784 2473 883 2561 quod,
911 2485 947 2539 ut
970 2475 1151 2560 superiores

82 2571 194 2647 agant,
219 2585 282 2628 non
305 2586 363 2651 per
386 2566 517 2628 iniurias
533 2562 768 2650 adsequuntur,
793 2575 943 2650 prompta
959 2573 1069 2627 tamen
1085 2585 1148 2626 om·

81 2653 178 2717 nibus
202 2675 293 2716 arma
316 2676 371 2736 ac,
396 2655 423 2717 si
445 2676 497 2718 res
520 2663 647 2738 poscat,
672 2655 850 2737 exercitus3
874 2654 1047 2740 plurimum
1071 2653 1152 2716 uiro·

81 2763 155 2805 rum
181 2763 415 2826 equorumque,
441 2752 473 2807 et
497 2743 735 2827 quiescentibus
759 2743 870 2808 eadem
893 2743 989 2807 fama.

174 2833 225 2895 36.
262 2830 301 2895 In
335 2830 436 2895 latere
471 2828 674 2897 Chaucorum
706 2830 962 2917 Chattorumque
997 2827 1152 2894 Cherusci

80 2920 215 2983 nimiam
248 2942 286 2984 ac
318 2928 516 2985 marcentem
539 2919 593 2984 diu
617 2943 729 3008 pacem
754 2920 930 2986 inlacessiti
952 2921 1151 2983 nutrierunt:

80 3007 180 3094 idque
203 3007 371 3073 iucundius
395 3031 491 3094 quam
513 3011 614 3074 tutius
636 3011 706 3089 fuit,
731 3012 805 3096 quia
820 3013 905 3074 inter
919 3009 1104 3095 impotentis
1121 3017 1153 3071 et

80 3096 204 3161 ualidos
228 3098 308 3162 falso
333 3098 493 3184 quiescas:
518 3099 574 3162 ubi
596 3119 693 3164 manu
713 3101 831 3183 agitur,
853 3099 1011 3164 modestia
1026 3119 1065 3162 ac
1081 3119 1150 3182 pro·

79 3187 168 3252 bitas
202 3189 331 3251 nomine
363 3189 541 3273 superiores
570 3198 651 3252 sunt.
699 3190 744 3252 ita
768 3190 822 3273 qui
846 3189 921 3252 olim
946 3189 1021 3253 boni
1045 3187 1151 3271 aequi·

80 3299 145 3361 que
177 3274 345 3359 Cherusci,
379 3299 463 3341 nunc
494 3277 613 3341 inertes
644 3301 683 3342 ac
707 3276 796 3341 stulti
819 3286 990 3342 uocantur:
1027 3273 1152 3339 Chattis

79 3365 260 3429 uictoribus
283 3364 412 3430 fortuna
435 3367 467 3428 in
492 3367 679 3452 sapientiam
704 3368 811 3430 cessit.

173 3452 286 3518 Tracti
308 3456 401 3518 ruina
420 3453 655 3520 Cheruscorum
678 3465 710 3518 et
726 3454 813 3537 Fosi,
838 3457 1036 3520 contermina
1060 3474 1150 3536 gens,

78 3543 292 3608 aduersarum
316 3565 423 3607 rerum
448 3565 614 3629 exaequo
638 3545 715 3608 socii
739 3554 825 3628 sunt,
851 3566 924 3609 cum
947 3547 979 3608 in
1003 3541 1151 3608 secundis

78 3634 223 3696 minores
247 3631 390 3697 fuissent.

172 3720 224 3786 37.
264 3720 413 3786 Eundem
452 3718 646 3786 Germaniae
691 3723 795 3786 sinum
840 3724 979 3807 proximi
1018 3719 1150 3786 Oceano

79 3808 206 3874 Cimbri
241 3818 367 3893 tenent,
403 3833 504 3896 parua
537 3833 622 3874 nunc
652 3810 780 3893 ciuitas,
812 3810 868 3876 sed
899 3812 1001 3896 gloria
1024 3813 1147 3894 ingens.
