2708 4258
525 157 740 218 ..11-

191 335 243 398 23.
276 333 370 397 Potui
385 353 478 396 amor
495 355 535 396 ax
554 331 673 398 hordeo
690 343 746 398 aut
762 334 931 410 frumento,
956 336 989 398 in
1005 335 1167 421 quandam

100 420 340 487 similitudinem
378 423 445 486 uini
477 431 661 508 corruptus:
697 425 835 509 proximi
867 425 956 509 ripae
990 437 1021 488 et
1055 427 1165 488 uinum

100 520 294 576 mercantur.
573 569 575 578 ,

190 599 262 666 Cibi
287 600 463 686 simplices,
499 601 641 684 agrestia
664 623 775 686 poma,
810 623 921 665 recens
945 599 1013 665 fera
1036 610 1092 666 aut
1115 602 1165 665 lac

99 700 300 754 concretum:
334 691 402 753 sine
434 699 607 775 apparatu,
644 692 711 754 sine
742 687 969 754 blandimentis
1003 690 1166 776 expellunt

100 779 229 846 famem.
261 777 424 842 Aduersus
448 780 534 842 sitim
557 800 621 842 non
638 777 750 844 eadem
767 781 988 864 temperantia.
1021 779 1047 843 si
1062 777 1163 844 indul·
1203 795 1204 798 ’

101 869 180 931 seris
214 867 363 932 ebrietati
392 866 594 952 suggerendo
627 877 782 952 quantum
813 869 1054 953 concupiscunt,
1089 867 1167 932 haut

102 957 207 1020 minus
231 955 325 1021 facile
349 957 435 1020 uitiis
459 978 555 1042 quam
579 957 677 1020 armis
700 958 878 1021 uincantur.

190 1045 242 1109 24.
268 1042 380 1110 Genus
403 1045 658 1132 spectaculorum
680 1066 778 1109 unum
802 1054 899 1131 atque
919 1047 953 1108 in
969 1047 1056 1109 omni
1073 1053 1166 1108 coetu

99 1132 195 1199 idam.
235 1131 325 1198 Nudi
340 1136 482 1217 iuuenes,
507 1133 621 1220 quibus
637 1132 669 1197 id
685 1133 842 1198 ludicrum
860 1143 918 1215 est,
941 1135 1025 1198 inter
1041 1133 1166 1219 gladios

99 1245 134 1288 se
156 1232 253 1308 atque
276 1222 409 1288 infestas
433 1223 572 1288 frameas
589 1222 671 1286 saltu
691 1225 819 1290 iaciunt.
860 1225 1046 1288 exercitatio
1062 1232 1166 1287 artem

99 1313 244 1398 parauit,
268 1334 320 1376 ars
334 1311 511 1394 decorem,
535 1333 599 1376 non
622 1313 655 1376 in
679 1321 848 1398 quaestum
870 1322 979 1376 tamen
1002 1321 1057 1376 aut
1082 1335 1163 1376 mer·

101 1400 229 1465 cedem:
265 1401 412 1486 quamuis
444 1399 573 1467 audacis
604 1401 754 1467 lasciuiae
782 1403 921 1487 pretium
944 1411 993 1465 est
1016 1402 1165 1486 uoluptas

103 1491 327 1576 spectantium.

189 1576 314 1660 Aleam,
339 1577 424 1664 quod
440 1579 566 1660 mirere,
583 1578 681 1642 sobrii
697 1581 781 1643 inter
796 1581 880 1644 seria
896 1588 1057 1660 exercent,
1075 1587 1166 1644 tanta

99 1665 245 1744 lucrandi
261 1667 457 1754 perdendiue
473 1668 664 1752 temeritate,
682 1677 727 1751 ut,
752 1689 825 1732 cum
841 1670 947 1732 omnia
966 1667 1164 1751 defecerunt,

100 1766 246 1821 extremo
276 1780 314 1822 ac
342 1757 516 1820 nouissimo
546 1758 633 1820 iactu
665 1755 704 1820 de
727 1757 878 1821 libertate
906 1780 943 1820 ac
966 1756 1006 1821 de
1029 1779 1164 1843 corpore

100 1845 306 1912 contendant.
338 1845 452 1910 Victus
474 1844 687 1910 uoluntariam
708 1847 896 1910 seruitutem
911 1845 992 1910 adit:
1019 1847 1165 1932 quamuis

100 1935 265 2017 iuuenior,
300 1937 446 2020 quamuis
470 1934 650 2018 robustior,
686 1933 811 2018 alligari
838 1957 873 1999 se
901 1958 939 1999 ac
970 1937 1080 1999 uenire
1111 1957 1166 2020 pa-

100 2025 189 2088 titur.
236 2023 286 2088 Ea
309 2025 413 2088 estin
436 2045 471 2086 rc
494 2045 594 2108 praua
616 2024 814 2108 peruicacia:
840 2025 902 2110 ipsi
918 2021 1015 2087 fidem
1039 2033 1164 2088 uocant.

101 2111 221 2178 Seruos
254 2111 447 2176 condicionis
484 2112 577 2175 huius
615 2133 673 2198 per
712 2115 905 2176 commercia
942 2112 1090 2194 tradunt,
1130 2121 1166 2176 ut

100 2222 134 2265 se
165 2223 291 2286 quoque
318 2201 441 2288 pudore
468 2201 622 2265 uictoriae
649 2203 824 2266 exsoluant.
871 2203 922 2266 25.
951 2199 1075 2266 Ceteris
1100 2223 1163 2265 ser·

100 2291 149 2353 uis
172 2313 236 2355 non
259 2292 292 2354 in
314 2299 460 2354 nostrum
480 2311 604 2354 morem
628 2287 796 2376 descriptis
816 2312 873 2376 per
896 2291 1050 2354 familiam
1074 2291 1166 2355 mini·

100 2379 205 2443 storiis
249 2388 397 2444 utuntur:
440 2399 531 2443 suam
581 2380 715 2464 quisque
756 2378 881 2462 sedem,
928 2402 1001 2444 suos
1040 2381 1165 2466 penatis

100 2471 195 2552 regit.
242 2469 411 2534 Frumenti
434 2465 563 2532 modum
586 2466 732 2532 dominus
755 2478 812 2533 aut
835 2471 959 2554 pecoris
986 2479 1042 2534 aut
1066 2471 1165 2534 uestis

99 2566 136 2621 ut
166 2557 275 2622 colono
310 2559 464 2641 iniungit,
501 2567 534 2621 et
570 2577 680 2620 seruus
712 2557 864 2621 hactenus
900 2567 1003 2643 paret.
1050 2556 1167 2622 Cetera

100 2644 213 2711 domus
230 2645 336 2710 officia
351 2668 434 2710 uxor
449 2667 487 2709 ac
502 2645 596 2709 liberi
612 2657 820 2732 exequuntur.
850 2647 1021 2711 uerberare
1037 2669 1166 2711 seruum

100 2757 138 2799 ac
167 2736 304 2800 uinculis
337 2745 368 2798 et
396 2757 493 2820 opere
517 2735 688 2800 cohercere
719 2759 846 2802 rarum:
882 2737 1027 2801 occidere
1050 2737 1163 2820 solent,

99 2845 163 2888 non
186 2823 355 2910 disciplina
378 2833 409 2888 et
433 2825 615 2906 seueritate,
641 2821 697 2888 sed
720 2827 844 2911 impetu
868 2834 899 2889 et
921 2827 979 2907 ira,
1004 2833 1039 2888 ut
1062 2827 1166 2889 inimi·

101 2935 185 2998 cum,
209 2915 271 2978 nisi
295 2911 380 2999 quod
402 2914 533 2999 impune
557 2921 615 2976 eat.

189 3001 315 3066 Liberti
338 3023 402 3066 non
423 3002 560 3066 multum
583 3022 680 3086 supra
702 3023 811 3065 seruos
835 3011 922 3067 sunt:
947 3025 1020 3066 raro
1037 3001 1166 3088 aliquod

99 3100 299 3156 momentum
320 3093 353 3154 in
377 3089 481 3174 domo,
506 3111 680 3176 numquam
696 3091 729 3153 in
746 3092 887 3174 ciuitate,
913 3093 1056 3177 exceptis
1077 3091 1166 3155 dum·

99 3189 191 3244 taxat
214 3181 241 3244 is
265 3180 432 3265 gentibus,
466 3201 548 3265 quae
571 3189 757 3263 regnantur.
804 3179 855 3243 Ibi
887 3183 972 3244 enim
1002 3189 1034 3245 et
1070 3203 1167 3268 super

98 3270 255 3352 ingenuos
271 3279 304 3334 et
320 3291 416 3356 super
431 3268 553 3332 nobiles
570 3265 761 3332 ascendunt:
787 3269 872 3354 apud
888 3279 1011 3334 ceteros
1027 3271 1165 3348 impares

98 3357 241 3422 libertini
262 3358 420 3423 libertatis
444 3367 668 3440 argumentum
692 3367 775 3421 sunt.

190 3449 242 3513 26.
281 3447 408 3511 Faenus
432 3447 557 3530 agitare
581 3455 613 3510 et
629 3448 661 3510 in
677 3468 790 3510 usuras
807 3445 983 3511 extendere
999 3449 1164 3530 ignotum3

99 3533 238 3621 ideoque
267 3537 371 3620 magis
405 3546 566 3619 seruatur,
603 3557 699 3620 quam
723 3537 750 3599 si
773 3537 909 3599 uetitum
942 3545 1036 3600 esset.
1083 3534 1166 3619 Agri

99 3627 159 3710 pro
182 3645 316 3689 numero
340 3624 497 3688 cultorum
521 3625 561 3688 ab
584 3626 742 3688 uniuersis
766 3627 837 3688 uice
854 3633 1060 3711 occupantur,
1086 3645 1165 3710 quos

99 3735 178 3777 mox
200 3715 285 3777 inter
308 3735 342 3778 se
371 3711 545 3778 secundum
579 3711 799 3798 dignationem
833 3715 1031 3799 partiuntur3
1064 3713 1163 3778 facili·

99 3811 203 3867 tatem
238 3802 397 3888 partiendi
427 3825 613 3889 camporum
647 3804 751 3888 spatia
782 3802 947 3888 praebent.
994 3801 1085 3868 Arua
1108 3825 1166 3889 per
