2708 4258
614 123 834 187 ..13-

191 303 326 368 Raetiae
341 302 528 388 prouinciae
543 299 674 366 colonia.
711 303 830 388 passim
847 303 914 365 sine
931 299 1061 365 custode
1075 309 1256 382 transeunt3

191 403 223 457 ct
236 413 309 456 eam
320 393 435 456 ceteris
447 391 599 476 gentibus
608 413 698 456 arma
707 390 801 456 modo
814 402 985 476 castraque
992 400 1101 454 nostra
1111 389 1255 455 ostenda-

190 503 271 564 mus,
289 481 338 546 his
353 480 466 548 domos
481 481 635 568 uillaeque
647 481 858 567 patefecimus
870 502 933 544 non
947 479 1256 566 concupiscentibus.

278 569 318 635 In
334 569 572 638 Hermunduris
596 569 689 636 Albis
712 573 823 654 oritur,
848 569 967 634 flumen
990 569 1135 634 inclitum
1152 578 1185 634 et
1200 591 1254 632 no·

190 670 258 724 tum
282 659 372 744 olim3
396 681 480 724 nunc
495 669 620 724 tantum
637 659 774 724 auditur.
821 659 873 724 42.
898 658 995 723 quta
1010 657 1259 724 Hermunduros

196 749 314 814 Varisti
338 771 379 812 ao
400 747 514 814 deinde
529 747 729 813 Marcomani
753 759 784 813 et
799 745 905 826 Quadi
928 757 1039 834 agunt.
1086 749 1259 834 praecipua

191 837 474 906 Marcomanorum
498 839 601 923 gloria
623 841 792 924 uiresque,
826 847 923 922 atquc
952 839 1023 924 ipsa
1046 839 1141 902 ctiam
1166 837 1258 902 sedes

190 928 292 1016 pulsis
312 928 389 993 olim
411 927 489 992 Rois
518 930 637 992 uirtute
661 938 768 1015 parta,
803 949 863 991 nec
891 925 1009 992 Varisti
1032 924 1179 1004 Quadiue
1204 924 1257 991 de·

190 1028 364 1102 generant:
401 1039 504 1103 caque
525 1015 721 1082 Germaniae
755 1017 845 1081 uelut
879 1017 968 1081 irone
1001 1026 1064 1101 cst,
1101 1026 1259 1102 quatenus

190 1101 341 1172 Danuuio
364 1108 541 1194 peragitur.

278 1195 493 1262 Marcomanis
509 1195 697 1282 Quadisque
718 1218 821 1282 usque
844 1196 884 1260 ad
908 1203 1051 1260 nostram
1067 1195 1258 1260 memoriam

190 1307 284 1372 reges
305 1307 452 1350 mansere
480 1307 520 1348 ex
555 1294 651 1370 gente
681 1287 841 1372 ipsorum,
872 1285 979 1350 nobile
1003 1281 1194 1350 Marobodui
1226 1293 1260 1347 et

191 1374 295 1440 Tudri
317 1397 438 1461 genus3
461 1377 524 1442 iam
548 1385 581 1439 et
605 1385 756 1440 externos
778 1376 953 1463 patiuntur.
1001 1371 1058 1438 sed
1080 1376 1130 1438 uis
1153 1383 1186 1439 et
1202 1395 1257 1460 po-

191 1467 292 1530 tentia
315 1464 447 1548 regibus
472 1487 513 1528 ex
533 1466 725 1529 auctoritate
741 1463 901 1529 Romana:
926 1485 999 1530 raro
1015 1465 1117 1528 armis
1131 1465 1259 1546 nostris,

191 1555 320 1641 saepius
340 1555 476 1640 pecunia
499 1555 659 1638 iuuantur,
683 1575 746 1618 nec
766 1555 871 1617 minus
892 1553 1011 1617 ualent.

280 1645 332 1708 43:
358 1643 458 1712 Retro
481 1641 653 1728 Marsigni,
680 1641 793 1726 Cotini,
819 1640 888 1725 Osi,
912 1641 992 1706 Buri
1015 1651 1108 1726 terga
1131 1640 1256 1706 Marco·

191 1754 359 1798 manorum
382 1730 633 1818 Quadorumque
665 1733 804 1796 cludunt.
852 1755 870 1795 e
905 1732 1022 1820 quibus
1044 1729 1203 1818 Marsigni
1227 1741 1259 1795 ct

191 1821 272 1886 Buri
295 1843 442 1886 sermone
465 1822 614 1908 cultuque
639 1819 759 1886 Suebos
782 1820 935 1886 referunt.
969 1819 1097 1885 Cotinos
1120 1819 1258 1904 Gallica,

194 1909 278 1977 Osos
301 1910 486 1976 Pannonica
518 1910 629 1996 lingua
652 1911 799 1995 coarguit
821 1933 885 1974 non
908 1903 978 1975 csse
1001 1907 1194 1992 Germanos,
1226 1921 1260 1974 et

124 2041 127 2050 =
192 2000 277 2087 quod
311 2001 433 2066 tributa
467 2001 647 2087 patiuntur:
683 2009 809 2086 partem
848 2001 1043 2066 tributorum
1076 1997 1258 2080 Sarmatae,

191 2101 316 2178 partem
333 2087 442 2168 Quadi
456 2099 491 2154 ut
506 2089 694 2176 alienigenis
717 2091 882 2176 inponunt.
930 2087 1048 2172 Cotini,
1073 2111 1137 2174 quo
1152 2089 1258 2174 magis

192 2178 327 2266 pudeat,
363 2189 395 2244 et
418 2179 539 2244 ferrum
563 2178 725 2244 effodiunt.
772 2199 945 2264 omnesque
968 2178 1001 2242 bi
1023 2178 1132 2266 populi
1155 2200 1261 2265 pauca

190 2270 427 2355 campestrium,
453 2279 596 2333 ceterum
621 2269 722 2333 saltus·
743 2277 775 2332 et
798 2269 936 2332 uertices
958 2269 1115 2332 montium
1131 2269 1257 2352 iugum-

190 2380 252 2445 que
274 2356 470 2426 inscderunt.
517 2357 639 2422 dirimit
668 2359 753 2422 enim
777 2357 957 2443 scinditque
980 2354 1128 2422 Suebiam
1155 2357 1257 2422 conti-

189 2469 291 2514 nuum·
311 2449 467 2512 montium
491 2447 614 2531 iugum,
638 2447 723 2511 ultra
744 2445 827 2532 quod
844 2448 1000 2532 plurimae
1016 2455 1129 2531 gentes
1145 2455 1258 2531 agunt,

190 2557 231 2600 ex
266 2535 382 2622 quibus
414 2535 568 2600 lafissime
602 2545 692 2622 patet
715 2535 911 2620 Imagiorurn
944 2557 1062 2600 nomen
1093 2536 1125 2599 in
1149 2537 1259 2622 plures

189 2626 341 2694 ciuitates
377 2623 538 2692 diffusum.
601 2625 836 2694 ualentissimae
880 2625 1061 2690 nominasse
1106 2624 1258 2709 sufficiet,

190 2712 320 2798 Herios,
353 2713 567 2798 Helusoonas,
603 2711 772 2798 Manimos,
809 2713 965 2798 Helisios,
1000 2711 1257 2780 Nahanarualos.
1340 2737 1341 2748 ¹

191 2804 277 2891 apud
300 2801 543 2868 Nahauorualos
573 2805 725 2888 antiquae
756 2803 920 2888 religionis
953 2803 1042 2868 lucus
1066 2803 1256 2869 ostenditur.

189 2893 351 2980 praesidet
366 2892 514 2958 sacerdos
526 2891 673 2958 muliebri
689 2902 812 2976 ornatu,
828 2891 884 2958 sed
900 2893 976 2957 deos
992 2894 1260 2980 interpretatione

189 2983 335 3048 Romana
350 2980 516 3048 Castorem
534 2981 761 3068 Pollucemque
776 2992 962 3048 memorant.
998 3004 1037 3047 ea
1052 2985 1101 3046 uis
1123 2985 1260 3067 numini,

189 3093 304 3138 nomen
321 3070 418 3136 Aleis.
458 3071 545 3136 nulla
561 3072 745 3155 simulacra,
761 3071 884 3137 nullum
900 3073 1090 3158 peregrinae
1106 3075 1261 3159 supersti-

189 3163 285 3227 tionis
303 3162 488 3246 uestigium
513 3171 549 3226 ut
568 3160 685 3225 iratres
705 3171 823 3244 tamen,
849 3171 884 3224 ut
906 3163 1037 3226 iuuenes
1053 3173 1258 3226 uenerantur.

101 3331 104 3340 ψ
279 3248 430 3318 omrem
445 3249 540 3315 Harii
564 3272 660 3336 super
683 3252 779 3332 uires,
804 3251 919 3336 quibus
943 3261 1146 3315 enumeratos
1161 3251 1259 3338 paulo

189 3349 264 3406 ante
287 3339 422 3426 populos
454 3339 664 3421 antecedunt,
698 3349 801 3404 truces
833 3341 947 3404 insitae
981 3339 1102 3403 feritati
1125 3351 1195 3406 arte
1219 3363 1259 3406 ac

189 3441 336 3516 tempore
359 3429 595 3494 lenocinantur:
621 3431 716 3514 nigra
738 3439 838 3513 scuta,
863 3430 966 3496 tincta
987 3450 1138 3514 corpora3
1168 3439 1259 3494 atras

189 3517 230 3586 ad
254 3518 376 3606 proelia
398 3528 509 3585 noctes
532 3519 645 3604 legunt
667 3520 800 3606 ipsaque
824 3515 992 3582 formidine
1020 3527 1117 3604 atque
1141 3519 1260 3584 umbra

190 3609 298 3674 feralis
323 3609 482 3673 exercitus
505 3617 663 3676 terrorem
687 3607 843 3690 inierunt,
875 3607 963 3670 nullo
994 3605 1133 3672 hostium
1161 3611 1257 3673 susti·

190 3707 285 3762 nente
307 3719 426 3762 nouum
449 3719 488 3762 ac
510 3696 599 3762 uelut
622 3697 783 3762 infernum
807 3704 972 3782 aspectum
982 3721 991 3780 3
1014 3717 1088 3760 nam
1112 3699 1207 3784 primi
1225 3699 1260 3762 in

190 3786 337 3852 omuibus
360 3785 491 3875 proeliis
514 3785 596 3853 oculi
618 3787 799 3850 uincuntur.
1340 3783 1341 3786 ’
