2708 4258
515 81 737 143 ..17-

97 311 98 315 ,
181 258 233 322 39.
257 254 498 320 Vetustissimos
529 279 586 323 seu
617 256 831 322 nobilissimos
862 255 1040 322 Sueborum
1063 256 1160 325 -Sem-

91 367 192 410 nones
226 355 418 429 memorant,
392 345 537 410 tfides
571 348 752 432 antiquitat
743 368 770 410 rs
808 346 965 430 religione
1002 347 1158 414 firmatur
1240 407 1242 411 .

91 443 176 498 stato
208 443 355 520 tempore
378 435 411 498 in
435 434 547 498 siluam
572 437 715 520 auguriis
739 443 896 540 patruum·
914 447 947 501 et
969 439 1075 523 prisca
1098 437 1159 501 for·

91 520 211 588 midine
234 545 360 588 sacram
384 546 494 588 omnes
518 524 726 610 eiusdemque
750 527 914 610 sanguinis
938 527 1048 612 populi
1070 527 1159 610 lega-

90 614 232 678 tionibus
247 621 364 678 coeunt
381 635 537 700 caesoque
557 615 685 700 publice
706 615 835 679 homine
851 614 1015 680 celebrant
1029 617 1160 680 barbari

90 704 172 766 ritus
202 701 362 767 horrenda
393 703 578 788 primordia.
625 703 742 768 Ειιιι
769 704 833 769 ιιιι
861 705 934 769 luco
961 708 1158 770 reuerentia:

90 813 185 856 nemo
208 794 270 856 nisi
292 792 419 857 uinculo
443 795 562 876 ligatus
585 791 774 877 ingreditur,
799 803 834 858 ut
850 795 954 858 minor
970 803 1002 858 et
1017 804 1158 881 potesta-

90 891 157 944 tem
186 883 327 946 numinis
355 905 432 968 prae
456 905 490 946 se
513 882 628 948 ferens.
676 884 703 948 si
726 883 809 948 forte
833 885 1001 970 prolapsus
1026 893 1088 966 est,
1113 894 1158 948 at·

89 970 160 1034 tolli
190 980 223 1034 et
249 973 417 1075 insurgere
439 970 526 1035 haud
548 971 615 1036 licit
602 981 690 1036 tum·
723 995 780 1058 per
804 972 935 1038 humum
960 972 1158 1038 euoluontur.

90 1081 194 1146 eoque
228 1062 331 1125 omnis
364 1061 565 1163 superstitio
585 1062 729 1147 respicit,
764 1073 930 1148 tamquam
961 1061 1036 1127 inde
1066 1063 1160 1126 initia

89 1151 211 1234 gentis,
236 1149 281 1215 ibi
304 1160 460 1234 regnatur
482 1150 622 1214 omnium
646 1149 740 1232 deus,
766 1161 816 1214 cet
818 1173 873 1216 era
895 1152 1096 1218 subiectat
1062 1162 1096 1216 at
1098 1174 1160 1238 que

89 1239 247 1344 parentia.
286 1239 385 1304 adicit
401 1262 461 1304 auc
462 1241 626 1304 toritatem
649 1239 712 1304 fort
699 1250 776 1305 tuna
793 1237 1006 1306 Semnonum:
1031 1252 1158 1306 centum

89 1331 184 1414 pagis
215 1328 305 1394 habit
292 1338 361 1394 tare
383 1329 544 1412 dicuntur,
576 1351 758 1415 magnoque
789 1353 922 1418 corpore
945 1329 1045 1395 efficit
1032 1340 1098 1415 tur,
1123 1340 1158 1395 ut

89 1441 125 1482 se
150 1416 328 1484 Sueborum
351 1428 448 1506 caput
471 1417 612 1484 credant

180 1508 232 1571 40.
259 1506 380 1574 Contra
400 1507 633 1592 Langobardos
656 1510 764 1611 paucit
766 1531 801 1573 ιι
751 1508 987 1574 tnobilitat:
1011 1509 1159 1596 plurimis

89 1620 128 1660 ao
152 1597 378 1662 ualentissimis
402 1608 458 1662 nat
445 1598 627 1674 tionibus
600 1598 695 1663 olncti
719 1620 783 1691 non
806 1620 864 1684 per
879 1598 1077 1685 obsequium,
1102 1597 1158 1663 scd

89 1687 221 1772 proeliis
244 1709 283 1752 ac
306 1686 516 1772 periclitando
539 1689 601 1752 tuti
624 1697 706 1752 sunt.

180 1776 343 1861 Reudigni
375 1775 490 1841 deinde
520 1785 552 1841 et
539 1775 718 1841 tAuiones
742 1785 775 1842 et
797 1775 910 1861 Anglii
934 1786 967 1842 et
989 1776 1103 1842 Varini
1127 1786 1159 1840 et

90 1863 237 1930 Eudoses
262 1875 294 1930 et
318 1863 500 1931 Suardones
524 1875 557 1931 et
580 1865 760 1930 Huithones
783 1864 967 1930 fluminibus
991 1877 1047 1930 aut
1070 1867 1157 1930 siluis

89 1955 286 2018 muniuntur.
325 1978 384 2020 nec
407 1959 579 2042 quicquam
602 1955 743 2021 notabile
766 1957 798 2020 in
823 1955 966 2041 singulis,
991 1957 1052 2020 nisi
1073 1955 1158 2042 quod

90 2043 260 2108 Mammun
276 2043 422 2130 Erthum,
446 2045 478 2110 id
498 2055 546 2109 ιιι
570 2043 705 2110 Terram
725 2043 876 2129 Matrem,
901 2046 1008 2109 colunt
1024 2067 1159 2130 eamque

23 2179 25 2184 s
89 2135 288 2199 interuenire
317 2134 414 2199 rebus
444 2134 624 2218 hominum,
655 2134 762 2199 inuehi
795 2134 921 2220 populis
950 2134 1158 2202 arbitrantur.

181 2223 241 2286 Est
263 2227 296 2288 in
318 2223 422 2288 insula
444 2221 568 2289 Oceani
592 2233 715 2289 castum
739 2246 870 2306 nemus,
900 2221 1104 2311 dicatumque
1126 2226 1159 2288 in

90 2334 129 2378 eo
158 2311 340 2378 uehiculum
370 2322 460 2378 ueste
490 2322 686 2398 contectum,
720 2314 881 2397 attingere
915 2315 969 2377 uni
1002 2313 1159 2378 sacerdoti

90 2424 287 2468 concessum.
327 2405 354 2466 ιι
370 2403 483 2468 adesse
499 2403 656 2489 penetrali
672 2401 765 2467 deam
788 2401 944 2487 intellegit
966 2413 1159 2489 uectamque

90 2491 196 2558 bubus
220 2493 348 2556 feminis
371 2492 473 2557 multa
495 2515 568 2557 cum
593 2495 798 2557 ueneratione
820 2495 1035 2578 prosequitur.
1082 2493 1159 2559 laeti

24 2621 25 2624 =
89 2593 168 2646 tunc
199 2581 280 2665 dies,
313 2581 396 2646 festa
425 2581 511 2666 loca,
543 2603 764 2669 quaecumque
792 2581 933 2646 aduentu
955 2581 1158 2668 hospitioque

90 2672 252 2756 dignatur.
301 2693 363 2734 non
386 2671 471 2736 bella
494 2674 620 2756 incunt,
645 2695 708 2736 non
732 2694 822 2736 arma
845 2680 990 2755 sumunt,
1015 2672 1157 2736 clausum

90 2783 185 2826 omne
208 2761 345 2845 ferrum,
369 2783 434 2848 pax
458 2771 489 2825 et
512 2764 603 2848 quies
626 2771 703 2826 tunc
726 2769 852 2826 tantum
875 2769 966 2844 nota,
991 2769 1067 2825 tunc
1089 2769 1157 2824 tan-

89 2861 161 2914 tum
184 2859 308 2934 amata,
337 2811 438 2914 donec
460 2848 547 2916 idem
571 2849 718 2916 sacerdos
742 2851 891 2914 satiatam
915 2813 1158 2915 conuersatione

90 2940 276 3004 mortalium
299 2902 393 3004 deam
411 2939 533 3026 templo
549 2940 672 3006 reddat.
711 2961 787 3004 mox
802 2937 985 3004 uehiculum
1003 2948 1035 3004 et
1050 2948 1158 3004 uestes

88 3039 133 3115 et,
158 3031 186 3094 si
209 3029 340 3095 credere
364 3029 457 3112 uelis,
488 3011 608 3095 numeb
635 3031 741 3116 ipsum
765 3037 890 3094 secreto
913 3031 986 3094 lacu
1009 3028 1156 3094 abluitur.

89 3119 187 3186 Serui
202 3121 394 3203 ministrant,
413 3128 559 3221 quossta
560 3121 617 3182 tim
639 3119 725 3184 idem
747 3119 836 3184 lacus
859 3117 975 3182 haurit.
1022 3140 1157 3182 arcanus

87 3209 165 3274 hinc
188 3216 292 3274 terror
315 3210 521 3294 sanctaque
512 3217 662 3292 rgnorant
663 3209 704 3290 ia,
728 3205 803 3294 quid
827 3208 869 3272 sit
884 3207 972 3292 illud,
989 3207 1074 3293 quod
1089 3217 1157 3272 tan·

88 3308 159 3363 tum
184 3299 268 3384 perit
268 3299 318 3362 uri
340 3296 460 3364 uident.

180 3387 234 3452 41.
271 3387 314 3452 Et
343 3385 423 3452 haec
435 3385 581 3538 tquidem
611 3409 686 3490 pars
709 3382 930 3451 Sueborum
922 3409 955 3450 m
984 3385 1158 3450 secretiora

90 3475 289 3542 Germaniae
319 3477 457 3562 porrigit
458 3497 513 3541 ur·
546 3477 690 3562 propior,
723 3485 759 3539 ut
783 3473 942 3560 quomodo
964 3475 1060 3560 paulo
1084 3485 1157 3540 autc

89 3563 254 3645 Rhenum,
288 3565 333 3628 sic
365 3587 450 3630 nunc
472 3564 658 3630 Danuuium
689 3587 822 3650 sequar,
855 3563 1157 3628 Hermundurorum

90 3656 222 3736 ciuitas,
257 3652 321 3718 fida
345 3653 510 3757 Romanis,
547 3675 650 3740 eoque
674 3653 748 3718 solis
773 3651 1010 3718 Germanorum
1036 3675 1100 3717 non
1124 3655 1157 3718 iu

23 3785 25 3796 .
89 3746 162 3830 ripa
195 3744 437 3827 commercium,
474 3741 529 3806 sed
561 3744 689 3830 penitus
721 3753 817 3828 atque
845 3745 878 3806 in
902 3739 1156 3829 splendidissima

176 3849 209 3888 ra
210 3850 250 3888 eru
266 3850 298 3889 ee
286 3861 366 3890 emm
337 3851 395 3890 aura
978 3833 996 3886 2
