2708 4258
632 142 851 204 ..12-

207 339 306 382 annos
330 327 465 399 mutant,
491 328 522 382 et
545 328 691 404 superest
713 340 801 402 ager.
848 341 909 384 nec
932 321 1106 384 enimcum
1121 319 1272 384 ubertate

208 416 240 470 et
263 407 473 492 amplitudine
497 407 556 472 soli
578 407 688 472 labore
711 407 914 492 contendunt,
938 417 973 472 ut
996 410 1140 494 pomaria
1162 429 1273 495 conse·
1336 438 1337 528 q

206 505 280 560 rant
304 506 336 560 et
359 507 452 582 prata
468 507 617 582 separent
632 506 688 560 aut
703 496 812 570 hortos
828 499 948 582 rigent:
973 498 1040 562 sola
1055 507 1161 562 terrae
1178 518 1274 582 seges
1336 533 1337 536 κ

206 586 394 671 imperatur.
442 586 526 650 unde
554 607 671 650 annum
701 607 826 671 quoque
858 588 963 672 ipsum
993 608 1056 651 non
1079 588 1113 650 in
1136 586 1272 650 totidem

207 672 359 758 digerunt
382 677 518 761 species:
551 673 654 739 hiems
684 684 717 738 et
747 697 806 739 uer
828 685 861 740 et
884 685 989 742 aestas
1012 674 1210 740 intellectum
1234 697 1273 738 ac

207 764 364 828 uocabula
387 763 517 848 habent,
541 765 687 828 autumni
710 763 846 850 perinde
869 786 986 829 nomen
1013 787 1051 829 ac
1073 765 1157 830 bona
1180 765 1272 848 igno-

206 861 327 916 rantur.

296 943 347 1007 27.
372 942 537 1006 Funerum
559 939 646 1005 nulla
668 941 816 1006 ambitio:
841 942 874 1006 id
894 941 996 1006 solum
1013 941 1212 1026 obseruatur,
1237 951 1273 1006 ut

208 1051 343 1115 corpora
358 1031 515 1095 clarorum
532 1031 675 1094 uirorum
692 1032 788 1094 certis
802 1031 899 1116 lignis
915 1041 1107 1098 crementur.
1140 1028 1272 1098 Struem

207 1120 279 1203 rogi
308 1142 368 1184 neo
400 1120 544 1183 uestibus
576 1141 635 1182 nec
669 1119 819 1184 odoribus
854 1121 1033 1185 cumulant:
1067 1141 1126 1184 sua
1158 1121 1273 1205 cuique
1337 1137 1338 1150 ³

207 1229 307 1291 arma,
340 1208 539 1293 quorundam
571 1209 640 1292 igni
670 1218 703 1272 et
734 1230 835 1294 equus
864 1208 1010 1274 adicitur.
1058 1207 1272 1296 Sepulchrum
1337 1201 1338 1248 ἶ

208 1318 340 1382 caespes
357 1298 468 1381 erigit:
493 1306 772 1362 monumentorum
788 1297 925 1362 arduum
941 1309 973 1362 et
987 1320 1157 1386 operosum
1173 1298 1271 1362 hono·
1337 1293 1338 1310 *

207 1407 276 1450 rem
303 1395 338 1450 ut
362 1407 498 1470 grauem
520 1383 679 1450 defunctis
712 1396 933 1472 aspernantur.
981 1386 1142 1452 Lamenta
1164 1409 1203 1451 ao
1225 1387 1270 1450 la·

207 1475 323 1539 crimas
347 1478 419 1557 cito,
444 1474 583 1539 dolorem
609 1485 642 1540 et
663 1477 827 1540 tristitiam
843 1476 934 1541 tarde
950 1486 1081 1563 ponunt.
1129 1476 1273 1540 Feminis

207 1563 319 1647 lugere
343 1563 513 1628 honestum
538 1573 596 1648 est,
620 1566 698 1628 uiris
721 1567 914 1633 meminisse.

295 1739 387 1806 Haeo
410 1743 443 1806 in
466 1764 635 1807 commune
658 1741 698 1806 de
722 1744 863 1808 omnium
887 1740 1124 1808 Germanorum
1148 1743 1273 1826 origine
1338 1793 1339 1828 q

208 1852 245 1894 ao
267 1831 410 1895 moribus
433 1832 626 1917 accepimus.
672 1830 767 1896 Nunc
791 1832 990 1916 singularum
1014 1834 1159 1917 gentium
1181 1833 1271 1896 insti-

205 1927 275 1984 tuta
298 1921 460 2005 ritusque,
494 1930 651 2006 quatenus
674 1920 838 2005 differant,
871 1943 953 2006 quae
979 1922 1125 1986 nationes
1149 1943 1166 1985 e
1190 1917 1272 1986 Ger-

207 2010 316 2074 mania
338 2011 371 2073 in
395 2007 518 2075 Gallias
543 2011 836 2093 commigrauerint,
862 2009 1042 2096 expediam.

295 2189 346 2252 28.
387 2185 569 2252 Validiores
603 2187 678 2250 olim
709 2184 877 2252 Gallorum
909 2209 961 2251 res
996 2188 1096 2252 fuisse
1128 2208 1272 2251 summus

206 2285 373 2342 auctorum
397 2275 489 2340 diuus
513 2274 613 2340 lulius
645 2273 759 2358 tradit,
790 2299 893 2362 eoque
921 2274 1074 2340 credibile
1098 2285 1146 2341 est
1170 2277 1271 2340 etiam
1339 2279 1340 2306 ¹

206 2363 318 2431 Gallos
334 2367 367 2428 in
383 2362 593 2430 Germaniam
611 2375 844 2448 transgressos:
862 2365 1050 2450 quantulum
1066 2366 1152 2430 enim
1168 2367 1271 2430 amnis

207 2453 373 2536 obstabat,
398 2455 603 2538 quominus,
635 2464 671 2517 ut
703 2476 848 2540 quaeque
872 2475 951 2537 gens
975 2454 1156 2537 maluerat,
1180 2476 1272 2520 occu·

205 2551 297 2630 paret
320 2552 583 2630 permutaretque
605 2542 698 2608 sedes
713 2545 911 2629 promiscuas
926 2542 1030 2608 adhuc
1046 2552 1078 2607 et
1094 2543 1182 2608 nulla
1197 2565 1269 2628 reg-

206 2653 321 2696 norum
346 2634 490 2718 potentia
513 2630 655 2696 diuisas?

294 2719 400 2805 Igitur
423 2724 507 2784 inter
529 2719 729 2806 Hercyniam
752 2720 865 2784 siluam
888 2719 1100 2806 Rhenumque
1127 2729 1159 2785 et
1180 2717 1268 2784 Moe·

205 2832 282 2875 num
305 2832 416 2874 amnes
431 2808 584 2892 Heluetii,
608 2809 761 2873 ulteriora
776 2808 858 2891 Boii,
883 2807 1009 2876 Gallica
1023 2819 1161 2895 utraque
1177 2831 1269 2894 gens,

205 2909 348 2964 tenuere.
372 2898 483 2962 Manet
495 2897 598 2962 adhuc
608 2897 776 2962 Boihaemi
791 2921 907 2962 nomen
923 2901 1091 2985 signatque
1106 2900 1167 2963 loci
1183 2907 1271 2964 uete-

205 3010 275 3053 rem
297 2990 486 3052 memoriam
510 2989 656 3073 quamuis
680 2989 811 3051 mutatis
839 2987 1024 3052 cultoribus.
1071 2986 1137 3054 Sed
1160 2997 1270 3052 utrum

204 3076 354 3142 Arauisci
377 3079 409 3140 in
431 3075 628 3141 Pannoniam
652 3099 672 3140 a
695 3075 781 3158 Bois,
806 3073 1042 3142 Germanorum
1064 3079 1204 3160 natione,
1229 3099 1271 3141 an

206 3165 267 3231 Boi
293 3165 335 3231 ab
358 3164 523 3230 Arauiscis
557 3167 589 3229 in
618 3163 828 3232 Germaniam
863 3167 1159 3249 oommigranmint,
1197 3187 1271 3230 oum

207 3255 319 3321 eodem
335 3253 440 3320 adhuc
456 3277 601 3320 sermone
618 3255 771 3319 institutis
788 3255 929 3318 moribus
945 3263 1085 3339 utantur,
1109 3257 1271 3319 incertum

207 3355 271 3426 est,
305 3345 381 3431 quia
403 3347 475 3431 pari
498 3344 573 3409 olim
604 3345 713 3430 inopia
735 3365 772 3408 ac
795 3344 944 3409 libertate
968 3342 1080 3408 eadem
1102 3345 1270 3430 utriusque

206 3436 295 3519 ripae
321 3436 404 3499 bona
427 3433 511 3498 mala
535 3455 574 3498 ue
598 3442 700 3497 erant.
1018 3513 1023 3520 ι

296 3521 432 3590 Treueri
463 3533 495 3588 et
557 3524 638 3588 eruii
672 3523 758 3586 circa
781 3520 1029 3586 adfectationem
1053 3519 1270 3588 Germanicae

206 3612 337 3696 originis
360 3613 444 3676 ultro
467 3613 627 3676 ambitiosi
650 3621 732 3694 sunt,
756 3619 922 3696 tamquam
945 3633 1003 3696 per
1027 3610 1109 3676 hanc
1132 3611 1270 3694 gloriam

206 3703 370 3785 sanguinis
395 3724 413 3764 a
437 3698 644 3765 similitudine
675 3710 707 3764 et
737 3701 854 3764 inertia
876 3697 1044 3764 Gallorum
1068 3708 1268 3786 separentur.

294 3788 401 3876 Ipsam
425 3789 529 3852 Rheni
552 3791 655 3875 ripam
679 3787 757 3852 haut
780 3788 876 3854 dubie
900 3787 1136 3854 Germanorum
1159 3789 1270 3876 populi
