2708 4258
207 1233 234 1294 1.
261 1227 436 1296 Germania
458 1229 560 1292 omnis
583 1250 603 1292 a
625 1225 728 1293 Gallis
751 1225 924 1313 Raetisque
951 1236 982 1290 et
1005 1225 1179 1292 Pannoniis

116 1319 229 1385 Rheno
245 1342 284 1383 ac
299 1319 450 1382 Danuuio
466 1315 659 1400 fluminibus,
681 1340 701 1380 a
716 1315 873 1383 Sarmatis
888 1317 1052 1402 Dacisque
1069 1327 1179 1381 mutuo

116 1419 204 1474 metu
235 1418 290 1472 aut
320 1406 480 1471 montibus
510 1417 687 1492 separetur.
742 1405 859 1472 Cetera
889 1403 1036 1470 Oceanus
1067 1405 1179 1490 ambit,

116 1499 197 1564 latos
213 1499 299 1562 sinus
316 1505 347 1560 et
361 1495 536 1560 insularum
552 1497 698 1560 inmensa
714 1497 816 1582 spatia
832 1495 1056 1582 complentem,
1078 1517 1181 1581 nuper

117 1588 254 1672 cognitis
293 1586 483 1671 quibusdem
516 1585 666 1670 gentibus
696 1606 734 1649 ao
765 1585 910 1669 regibus,
947 1605 1025 1670 quos
1059 1583 1180 1648 bellum

117 1677 252 1763 aperuit.

205 1764 350 1847 Rhenus,
374 1764 580 1828 Raeticarum
602 1760 734 1848 Alpium
761 1763 923 1826 inaccesso
946 1785 983 1826 ac
1013 1762 1181 1849 praecipiti

117 1855 240 1918 uertice
264 1862 361 1931 ortus,
385 1851 510 1918 modico
533 1851 620 1916 flexu
642 1855 675 1914 in
698 1851 895 1916 occidentem
917 1873 1030 1916 uersus
1054 1861 1180 1938 septen·

117 1943 246 2007 trionali
270 1939 400 2007 Oceano
423 1943 584 2006 miscetur.

206 2031 384 2114 Danuuius,
412 2031 501 2095 molli
525 2040 558 2094 et
581 2032 754 2095 clementer
777 2029 862 2092 edito
885 2029 1002 2092 montis
1025 2027 1183 2094 Abnobae

117 2121 194 2204 iugo
211 2120 341 2204 effusus,
360 2121 461 2206 pluris
484 2119 618 2206 populos
641 2119 718 2202 adit,
743 2118 844 2182 donec
859 2119 891 2181 in
907 2116 1076 2182 Ponticum
1092 2141 1183 2183 mare

121 2232 179 2274 sex
207 2209 366 2274 meatibus
393 2219 555 2294 erumpat:
581 2209 752 2294 septimum
776 2229 810 2270 os
834 2206 1002 2292 paludibus
1026 2207 1182 2271 hauritur.

30 2375 37 2386 .
209 2301 238 2362 2.
264 2296 355 2384 Ipsos
379 2295 558 2363 Germanos
581 2295 748 2381 indigenas
772 2293 962 2360 crediderim
988 2297 1184 2382 minimeque

119 2387 254 2450 aliarum
278 2388 423 2472 gentium
446 2386 636 2450 aduentibus
661 2395 693 2450 et
716 2386 862 2471 hospitiis
885 2387 1013 2466 mixtos,
1035 2387 1109 2471 quia
1124 2408 1184 2450 nec

34 2497 39 2504 ·
120 2485 209 2540 terra
240 2476 313 2540 olim
342 2474 397 2540 sed
425 2475 579 2540 classibus
602 2473 841 2540 aduehebantur
865 2477 918 2560 qui
941 2483 1067 2538 mutare
1091 2472 1183 2539 sedes

121 2564 328 2650 quaerebant,
353 2574 385 2630 et
407 2567 568 2630 inmensus
591 2566 675 2628 ultra
698 2574 797 2650 utque
817 2566 863 2628 sic
880 2562 1016 2628 dixerim
1031 2561 1183 2628 aduersus

122 2651 270 2718 Oceanus
293 2655 372 2717 raris
392 2653 433 2718 ab
450 2654 527 2718 orbe
548 2664 657 2718 nostro
673 2655 807 2718 nauibus
823 2652 938 2716 aditur.
979 2649 1059 2729 Quis
1075 2675 1181 2740 porro,

120 2751 249 2828 praeter
271 2743 449 2829 periculum
472 2743 592 2807 horridi
617 2753 649 2808 et
664 2744 766 2827 ignoti
781 2745 888 2825 maris,
905 2739 985 2804 Asia
1000 2752 1056 2806 aut
1071 2741 1185 2806 Africa

121 2841 177 2895 aut
200 2831 295 2896 Italia
324 2832 437 2896 relicta
465 2830 674 2897 Germaniam
704 2840 843 2918 peteret,
876 2830 1047 2895 informem
1078 2832 1183 2913 terris,

122 2942 271 3006 asperam
281 2921 380 3002 caelo,
393 2923 517 2985 tristem
530 2921 617 2986 cultu
633 2930 838 3006 aspectuque,
852 2922 913 2984 nisi
926 2920 986 2983 sibi
1002 2921 1106 3006 patria
1118 2919 1183 2983 sit?

211 3008 384 3075 Celebrant
400 3011 593 3075 carminibus
612 3011 760 3095 antiquis,
786 3007 871 3095 quod
892 3031 991 3072 unum
1011 3009 1097 3094 apud
1112 3009 1184 3073 illos

120 3100 295 3163 memoriae
319 3107 351 3163 et
374 3099 536 3162 annalium
559 3121 661 3184 genus
685 3108 746 3182 est,
776 3098 956 3163 Teutonem
980 3096 1076 3162 deum
1098 3107 1185 3162 terra

122 3186 254 3252 editum.
301 3187 341 3251 Ei
363 3185 464 3253 filium
486 3185 649 3272 Mannum,
675 3189 830 3272 originem
850 3187 955 3271 gentis
974 3187 1184 3251 conditorem·

123 3298 198 3362 que,
230 3275 348 3341 Manno
379 3277 438 3340 tris
465 3275 547 3340 filios
577 3280 758 3362 assignant,
789 3299 807 3340 e
837 3297 972 3362 quorum
1005 3276 1185 3341 nominihus

122 3366 262 3452 proximi
292 3363 424 3431 Oceano
456 3364 671 3450 Ingaeuones,
703 3365 801 3430 medii
827 3365 1055 3448 Herminones,
1086 3366 1186 3429 ceteri

122 3454 311 3519 Istaeuones
334 3464 498 3519 nocentur.
546 3453 699 3538 Quidam,
729 3463 764 3518 ut
793 3456 825 3517 in
853 3455 982 3518 licentia
1004 3455 1184 3535 uetustatis,

123 3543 224 3630 pluris
248 3541 287 3606 de
312 3554 451 3608 coortos
473 3543 645 3631 pluresque
669 3545 774 3628 gentis
798 3543 1037 3630 appellationes,
1061 3543 1186 3608 Marsos

125 3630 332 3698 Gambriuios
355 3630 475 3698 Suebos
497 3631 678 3715 Vandilios,
708 3631 895 3715 adfirmant3
924 3654 1025 3717 eaque
1051 3655 1131 3697 uera
1155 3641 1187 3696 et

124 3723 257 3807 antiqua
284 3723 421 3786 nomina.
470 3720 621 3787 (laterum
645 3719 839 3786 Germaniae
862 3720 1053 3784 uocabulum
1076 3742 1187 3785 recens

124 3820 157 3874 et
180 3831 282 3897 nuper
305 3808 458 3894 additum,
483 3813 634 3896 quoniam
651 3813 705 3897 qui
720 3811 816 3896 primi
831 3809 978 3874 Rhenum
994 3812 1187 3895 transgressi

205 3917 280 3957 Tacit-1
294 3917 424 3956 Germanis.
1013 3900 1025 3954 Ῑ
