2708 4258
632 154 854 217 ..16-

210 337 392 421 ueterisque
426 337 531 401 famae
565 338 630 401 lata
669 339 807 422 uestigia
849 349 996 422 manent,
1036 349 1171 425 utraque
1205 341 1276 426 ripa

210 436 317 489 castra
342 448 381 489 ao
412 429 529 512 spatia,
561 448 695 513 quorum
724 427 846 492 ambitu
873 451 957 492 nunc
984 449 1110 514 quoque
1133 430 1276 494 metiaris

211 515 329 578 molem
351 536 528 601 manusque
552 518 656 600 gentis
680 523 801 581 ettam
824 519 934 602 magni
957 519 1061 581 exitus
1085 515 1192 582 fidem.

298 601 570 668 Sescentesimum
593 614 626 669 et
650 603 694 668 .Χ
705 603 744 669 L.
770 626 889 670 annum
912 607 988 671 urbs
1011 615 1121 670 nostra
1144 607 1274 692 egebat,

210 714 282 756 cum
306 694 444 778 primum
462 690 667 758 Cimbrorum
691 693 801 759 audita
824 705 896 759 sunt
919 717 1018 778 arma,
1044 692 1184 760 Caecilio
1205 695 1274 760 Me-

208 780 284 846 tello
309 790 340 845 et
364 782 493 868 Papirio
517 780 665 847 Carbone
688 783 878 848 consulibus.
926 805 1052 869 exque
1082 786 1109 849 si
1132 783 1174 849 ad
1197 785 1275 848 alte·

209 891 280 934 rum
303 873 506 957 imperatoris
530 871 663 936 Traiani
683 872 882 936 consulatum
897 882 1128 959 computemus,
1145 874 1276 939 ducenti

209 959 310 1024 ferme
345 970 377 1024 et
411 961 523 1025 decem
557 963 631 1024 anni
667 961 875 1046 colliguntur:
912 971 979 1026 tam
1014 961 1067 1026 diu
1100 960 1277 1028 Germania

210 1050 357 1113 uincitur.

297 1135 405 1202 Medio
433 1149 498 1202 tam
522 1137 611 1220 longi
634 1140 707 1203 aeui
730 1139 833 1225 spatio
857 1140 958 1204 multa
980 1140 1121 1204 inuicem
1145 1139 1273 1204 damna.

208 1246 271 1289 non
295 1223 437 1310 Samnis,
472 1249 536 1291 non
566 1227 679 1310 Poeni,
716 1250 781 1291 non
810 1226 997 1315 Hispaniae
1017 1227 1200 1313 Calliaeue,
1234 1253 1274 1295 ne
1331 1227 1332 1274 l

208 1315 320 1378 Parthi
343 1313 470 1401 quidem
495 1317 622 1402 saepius
645 1317 851 1382 admonuere:
876 1321 995 1404 quippe
1018 1339 1119 1401 ragno
1141 1317 1274 1384 Arsacis
1331 1321 1332 1326 ’

208 1406 312 1468 acrior
333 1413 381 1468 est
397 1402 633 1469 Germanorum
656 1405 798 1470 libertas.
846 1404 932 1484 Quid
956 1408 1041 1471 enim
1063 1405 1149 1471 aliud
1169 1408 1272 1492 nobis,

211 1515 306 1578 quam
330 1491 461 1558 caedem
484 1491 602 1578 Crassi,
626 1495 744 1559 amisso
768 1497 890 1580 etipse
913 1495 1036 1560 Pacoro
1059 1495 1143 1560 infra
1158 1495 1274 1561 Venti-

208 1581 295 1645 dium
327 1581 469 1647 deiectus
493 1585 598 1648 oriens
622 1583 801 1648 obiecerit?
833 1593 867 1648 at
891 1581 1046 1649 Germani
1070 1584 1218 1650 Carbone
1242 1596 1274 1650 et

208 1667 320 1734 Cassio
352 1679 385 1736 et
413 1669 535 1738 Scauro
558 1671 690 1736 Aurelio
722 1682 755 1736 et
784 1671 922 1739 Seruilio
946 1673 1124 1760 Caepione,
1152 1674 1274 1760 anue

207 1757 317 1824 Mallio
340 1759 419 1824 fusis
442 1761 494 1824 uel
517 1762 617 1848 captis
642 1763 782 1848 quinque
806 1763 900 1826 simul
920 1763 1094 1827 consularis
1110 1766 1272 1829 exereitus
1331 1799 1332 1820 1

206 1849 324 1934 populo
348 1848 501 1932 Romano,
526 1849 649 1914 Varum
679 1852 801 1936 trisque
830 1873 903 1915 cum
934 1874 970 1916 eo
1001 1853 1145 1936 legiones
1174 1853 1274 1918 etiam

208 1936 337 2002 Caesari
353 1939 568 2022 abstulerunt,
592 1961 651 2003 nec
666 1941 798 2025 impune
814 1937 850 2007 C.
867 1939 990 2004 Marius
1005 1943 1038 2004 in
1054 1940 1158 2025 Italia,
1178 1941 1272 2007 diuus
1331 1939 1332 2020 ζ

206 2025 306 2091 Iulius
329 2029 363 2092 in
387 2025 507 2110 Callia,
532 2027 658 2093 Drusus
682 2051 720 2092 ac
743 2027 831 2092 Nero
855 2039 887 2094 et
910 2027 1123 2094 Germanicus
1147 2033 1180 2094 in
1205 2033 1271 2096 suis
1331 2033 1332 2078 l

206 2138 259 2180 eos
282 2115 409 2180 sedibus
432 2118 645 2204 perculerunt.
685 2140 761 2182 mox
781 2119 929 2202 ingentes
946 2115 981 2182 C.
1000 2115 1148 2183 Caesaris
1164 2121 1273 2185 minae

205 2207 238 2269 in
267 2205 440 2271 ludibrium
472 2229 593 2272 uersae.
640 2205 714 2272 inde
745 2208 859 2291 otium,
891 2208 992 2272 donec
1016 2210 1183 2273 occasione
1207 2207 1270 2274 dis-

206 2294 333 2359 cordiae
347 2304 475 2360 nostrae
492 2305 524 2360 et
541 2296 681 2359 ciuilium
703 2297 869 2360 armorum*
890 2297 1084 2383 expugnatis
1107 2297 1272 2380 legionum

206 2383 349 2448 hibernis
379 2384 476 2448 etiam
500 2382 624 2450 Callias
655 2383 864 2469 affectauere3
897 2408 935 2450 ac
967 2408 1075 2449 rursus
1099 2386 1183 2471 pulsi
1206 2389 1273 2450 iam

205 2473 360 2558 proximis
390 2473 589 2558 temporibus
618 2472 804 2560 triumphati
831 2477 935 2560 magis
966 2495 1062 2560 quam
1086 2476 1163 2538 uicti
1187 2485 1271 2544 sunt.

294 2652 345 2715 38.
370 2647 465 2714 Nunc
488 2650 528 2715 de
552 2647 665 2715 Suebis
688 2649 858 2714 dicendum
882 2659 940 2734 est,
962 2673 1097 2737 quorum
1118 2675 1182 2717 non
1197 2675 1271 2736 una,

204 2749 240 2803 ut
264 2737 453 2803 Chattorum
478 2739 763 2824 Tencterorumue,
789 2761 883 2824 gens3
908 2743 1063 2805 maiorem
1087 2743 1170 2805 enim
1188 2739 1270 2807 Crer-
1326 2803 1330 2812 ,

205 2830 332 2892 maniae
355 2837 483 2914 partem
504 2830 659 2914 optinent,
682 2830 820 2914 propriis
843 2827 946 2894 adhuc
966 2830 1147 2894 nationibus
1170 2834 1272 2896 nomi·
1331 2851 1332 2864 ²

206 2918 364 3002 nibusque
381 2917 521 3002 discreti,
541 2939 734 3004 quamquam
753 2919 970 2984 incommune
992 2915 1088 2984 Suebi
1105 2930 1271 2985 nocentur.

292 3005 425 3090 Insigne
442 3008 547 3092 gentis
560 3006 725 3092 obliquare
738 3010 857 3070 crinem
874 3007 1021 3094 nodoque
1033 3008 1272 3094 substringere:

206 3097 252 3159 sic
276 3093 372 3160 Suebi
405 3117 424 3158 a
454 3097 570 3160 ceteris
595 3094 782 3178 Germanis,
817 3097 862 3160 sic
886 3095 1071 3163 Sueborum
1090 3099 1223 3182 ingenui
1253 3123 1274 3162 a

205 3187 304 3248 seruis
329 3194 528 3270 separantur.
575 3183 614 3249 In
638 3186 708 3249 aliis
733 3185 896 3268 gentibus,
921 3207 977 3250 seu
1001 3189 1192 3270 cognatione
1216 3188 1274 3252 ali·

206 3296 268 3359 qua
284 3271 461 3338 Sueborum
479 3297 545 3358 seu,
563 3274 648 3359 quod
664 3275 792 3358 saepius
808 3273 935 3358 accidit,
957 3275 1145 3359 imitatione,
1161 3299 1274 3341 rarum

207 3372 240 3426 et
262 3363 347 3426 intra
369 3364 518 3427 iuuentae
542 3364 691 3448 spatium,
709 3361 794 3448 apud
811 3361 931 3430 Suebos
947 3385 1047 3448 usque
1063 3364 1104 3428 ad
1120 3367 1275 3430 canitiem

204 3451 386 3516 horrentem
411 3451 562 3538 capillum
584 3462 671 3515 retro
696 3457 859 3536 seponunt,
889 3475 926 3516 ac
950 3473 1046 3538 saepe
1061 3454 1094 3516 in
1115 3455 1186 3540 ipso
1203 3457 1273 3520 solo
1331 3533 1332 3538 ἵ

203 3542 325 3606 uertice
340 3541 495 3627 religant,
520 3541 683 3626 principes
699 3551 731 3604 et
747 3550 929 3605 ornaturam
953 3539 1084 3606 habent.
1131 3565 1170 3608 ea
1196 3566 1274 3609 cura

203 3630 342 3715 formae,
367 3629 422 3695 sed
446 3631 612 3712 innoxiae,
643 3651 747 3714 neque
773 3630 858 3693 enim
881 3639 916 3693 ut
938 3641 1047 3695 ament
1070 3641 1272 3718 amenturue,

203 3719 236 3782 in
259 3719 459 3784 altitudinem
484 3715 645 3804 quandam
669 3729 701 3782 et
723 3727 880 3782 terrorem
903 3717 1021 3783 adituri
1044 3719 1128 3784 bella
1149 3726 1275 3808 compti

203 3816 238 3872 ut
261 3809 400 3874 hostium
425 3809 523 3873 oculis
548 3817 708 3871 ornantur.
