2708 4258
509 173 723 236 ..13-

84 352 202 434 oolunt,
227 349 429 435 Vangiones,
455 349 600 433 Triboci,
631 349 796 414 Nemetes.
843 371 880 414 ne
909 347 986 414 Vbii
1012 347 1150 435 quidem,

85 461 280 527 quamquam
303 440 448 504 Romana
479 440 602 504 colonia
632 462 702 504 esse
731 441 908 504 meruerint
939 462 976 502 ac
1000 438 1152 503 libentius

85 529 341 615 Agrippinenses
376 528 549 593 conditoris
581 531 630 592 sui
662 530 790 592 nomine
821 537 991 609 nocentur,
1028 529 1153 612 origine

86 619 295 701 erubescunt,
331 619 525 701 transgressi
557 617 633 682 olim
656 626 689 682 et
713 619 933 703 experimento
957 615 1033 681 fidei
1056 638 1152 702 super

87 710 190 793 ipsam
214 706 319 771 Rheni
342 709 446 793 ripam
470 707 637 791 conlocati,
661 715 697 770 ut
720 716 877 789 arcerent,
902 727 966 770 non
988 714 1024 770 ut
1047 716 1150 770 custo·

86 797 241 862 direntur.

176 887 227 949 29.
253 883 406 950 Omnium
430 884 543 948 harum
560 886 702 969 gentium
720 885 839 948 uirtute
855 884 1020 971 praecipui
1035 882 1153 947 Bataui

85 995 150 1038 non
172 974 308 1038 multum
341 996 381 1037 ex
412 975 497 1060 ripa,
533 973 589 1038 sed
620 973 757 1037 insulam
780 973 885 1038 Rheni
908 974 1011 1037 amnis
1034 971 1151 1054 colunt,
1216 971 1218 976 ’

86 1061 278 1128 Chattorum
302 1062 463 1148 quondam
479 1062 615 1148 populus
632 1072 665 1128 et
681 1062 837 1128 seditione
852 1061 1028 1126 domestica
1042 1063 1076 1124 in
1099 1083 1152 1125 eas

89 1150 180 1216 sedes
203 1161 434 1236 transgressus,
458 1154 491 1215 in
514 1152 628 1237 quibus
645 1174 720 1237 pars
736 1151 873 1216 Romani
888 1152 1014 1237 imperii
1029 1148 1151 1214 fierent.

87 1250 197 1305 manet
219 1241 318 1305 honos
343 1251 375 1306 et
398 1242 548 1326 antiquae
573 1241 734 1304 societatis
757 1242 900 1326 insigne;
925 1263 999 1305 nam
1020 1263 1080 1304 nec
1096 1241 1151 1302 tri·

87 1329 174 1394 butis
198 1339 444 1394 contemnuntur
465 1351 525 1394 nec
548 1330 737 1416 publicanus
760 1331 887 1394 atterit:
913 1330 1054 1414 exempti
1077 1350 1151 1392 one·

87 1419 176 1483 ribus
200 1428 232 1483 et
254 1419 477 1483 collationibus
500 1429 533 1483 et
555 1427 681 1483 tantum
708 1421 742 1483 in
770 1441 864 1483 usum
886 1418 1082 1504 proeliorum
1106 1440 1152 1482 se·

88 1508 185 1594 positi
207 1508 296 1572 uelut
318 1508 384 1572 tela
407 1517 504 1594 atque
527 1529 618 1573 arma
640 1508 732 1572 bellis
756 1517 969 1572 reseruantur.

177 1596 237 1660 Est
259 1599 292 1660 in
309 1597 421 1662 eodem
437 1598 591 1682 obsequio
608 1606 640 1661 et
656 1595 884 1661 Mattiacorum
901 1618 997 1682 gons3
1021 1597 1154 1681 protulit

87 1685 175 1750 enim
198 1684 386 1770 magnitudo
414 1687 523 1772 populi
546 1687 683 1750 Romani
714 1686 798 1750 ultra
828 1685 975 1749 Rhenum
1006 1685 1154 1769 ultraque

88 1783 215 1839 ueteres
238 1777 394 1840 terminos
410 1776 538 1861 imperii
552 1777 776 1840 reuerentiam.
822 1777 868 1838 ita
884 1774 959 1838 sede
974 1773 1154 1858 finibusque

91 1865 126 1927 in
149 1883 206 1928 sua
229 1866 308 1950 ripa,
333 1872 441 1929 mente
464 1867 634 1950 animoque
657 1864 823 1928 nobiscum
846 1873 957 1948 agunt,
983 1871 1091 1927 cetera
1114 1864 1152 1925 si·

89 1952 182 2016 miles
205 1951 355 2037 Batauis,
385 1954 447 2017 nisi
470 1953 556 2038 quod
578 1956 647 2040 ipso
671 1951 774 2018 adhuc
798 1963 903 2018 terrae
932 1952 1098 2016 suae-solo
1123 1961 1154 2014 et

86 2041 177 2105 caelo
201 2043 303 2105 acrius
326 2044 517 2106 animantur.

178 2129 253 2195 Non
275 2133 512 2196 numerauerim
536 2132 620 2195 inter
644 2129 839 2213 Germaniae
861 2130 1012 2216 populos,
1044 2151 1153 2214 quam-

88 2240 187 2304 quam
208 2228 297 2284 trans
320 2219 468 2284 Rhenum
491 2219 741 2304 Danuuiumque
768 2218 985 2296 consederint,
1022 2239 1075 2282 eos
1099 2220 1154 2302 qui

90 2307 310 2372 Decumathes
334 2331 430 2394 agros
447 2318 612 2373 exercent:
637 2307 818 2373 leuissimus
834 2310 969 2394 quisquo
985 2305 1154 2372 Gallorum

90 2405 124 2460 et
147 2397 255 2483 inopia
278 2397 384 2462 audax
418 2397 534 2462 dubiae
568 2399 775 2483 possessionis
810 2399 913 2462 solum
941 2419 1154 2482 occupauere3

87 2507 165 2548 mox
188 2486 289 2551 limite
313 2496 386 2552 acto
420 2489 639 2573 promotisque
669 2486 837 2573 praesidiis
861 2489 948 2551 sinus
971 2487 1099 2572 imperii
1123 2495 1154 2549 et

89 2596 165 2660 pars
189 2577 374 2660 prouinciae
398 2575 565 2640 habentur.

179 2665 230 2728 30.
255 2664 350 2730 Vltra
373 2663 430 2728 hos
446 2663 555 2729 Chatti
574 2665 701 2728 initium
717 2665 801 2730 sedis
816 2665 857 2729 ab
874 2664 1054 2750 Herquinio
1072 2663 1154 2728 sdtu

88 2751 256 2835 inchoant,
280 2775 344 2817 non
366 2755 412 2816 ita
435 2755 543 2818 effusis
566 2775 604 2818 ac
628 2755 823 2839 palustribus
845 2756 939 2836 locis,
969 2763 1004 2818 ut
1028 2762 1154 2818 ceterae

90 2841 254 2926 ciuitates,
290 2843 324 2906 in
356 2863 435 2927 quas
459 2841 636 2908 Germania
668 2845 819 2929 patescit:
855 2842 972 2908 durant
996 2842 1154 2928 siquidem

87 2930 200 3014 colles,
237 2932 392 3016 paulatim
428 2940 607 3015 rarescunt,
640 2941 672 2995 et
696 2931 829 2997 Chattos
852 2955 925 2998 suos
949 2932 1048 2996 saltus
1071 2931 1154 2995 Her-

89 3020 217 3103 quinius
241 3020 446 3105 prosequitur
476 3021 570 3084 simul
599 3029 695 3105 atque
726 3021 865 3109 deponit.
913 3020 1042 3085 duriora
1065 3022 1154 3104 genti

88 3129 235 3194 corpora,
260 3110 364 3172 stricti
387 3119 485 3192 artus,
509 3111 619 3173 minax
634 3109 738 3174 uoltus
754 3121 786 3175 et
802 3113 904 3174 maior
919 3112 1034 3175 animis
1050 3113 1152 3193 uigor.

87 3195 239 3280 Multum,
263 3207 299 3260 ut
321 3199 406 3262 inter
422 3195 614 3278 Germanos,
637 3200 769 3263 rationis
792 3222 830 3263 ac
857 3199 1035 3264 sollertiae:
1061 3221 1152 3284 prae·

88 3307 209 3371 ponere
234 3286 362 3370 electos,
387 3286 498 3351 andire
523 3289 732 3373 praepositos,
756 3310 849 3352 nosse
874 3287 1011 3370 ordines,
1035 3287 1152 3352 intelle-

89 3395 168 3458 gere
193 3377 386 3458 occasiones,
412 3374 539 3439 differre
557 3377 704 3460 impetus,
729 3376 898 3463 disponere
914 3377 1009 3461 diem,
1034 3377 1154 3441 uallare

87 3472 227 3545 noctem,
251 3462 414 3528 fortunam
436 3466 519 3528 inter
535 3462 642 3547 dubia,
666 3467 819 3531 uirtutem
837 3469 921 3530 inter
938 3476 1027 3531 certa
1043 3487 1152 3530 nume·

87 3573 179 3634 rare,
211 3551 360 3637 quodque
390 3555 589 3616 rarissimum
612 3574 671 3616 nec
694 3555 756 3618 nisi
779 3555 944 3619 Romanae
968 3555 1155 3641 disciplinae

89 3661 286 3719 concessum,
310 3641 381 3726 plus
396 3664 550 3728 reponere
567 3643 599 3704 in
615 3639 695 3705 duce
711 3665 807 3727 quam
823 3646 856 3707 in
872 3647 1024 3708 exercitu.
1061 3666 1155 3708 omne

88 3728 188 3793 robur
210 3731 242 3792 in
266 3728 384 3816 pedite,
408 3753 502 3816 quem
527 3752 623 3815 snper
646 3753 737 3795 arma
751 3731 957 3797 ferramentis
974 3755 1101 3818 quoque
1123 3742 1155 3796 et

89 3819 192 3904 copiis
216 3828 362 3882 onerant:
387 3819 466 3882 alios
489 3818 530 3883 ad
553 3818 711 3905 proelium
734 3821 781 3884 ire
803 3821 931 3905 uideas,
957 3819 1090 3886 Chattos
1114 3820 1154 3885 ad
