2708 4258
606 157 797 218 ,6,

261 327 430 396 Silentium
453 353 511 416 per
534 333 730 414 sacerdotes,
760 331 874 417 quibus
897 340 966 395 tum
990 341 1022 396 et
1045 330 1237 396 cohercendi

172 421 220 484 ius
254 430 316 504 est,
349 421 534 505 imperatur.
581 443 657 485 mox
683 443 742 484 rex
763 421 817 485 uel
840 422 1003 507 princeps,
1027 430 1123 506 prout
1146 430 1236 485 aetas

172 513 297 595 cuique,
321 517 416 594 prout
438 509 604 592 nobilitas,
628 519 724 597 prout
747 508 844 574 decus
869 509 1041 592 bellorum,
1071 517 1168 594 prout
1191 509 1236 574 fa-

172 597 290 663 cundia
319 607 381 682 est,
412 599 595 683 audiuntur,
620 599 810 663 auctoritate
834 597 988 664 suadendi
1010 600 1114 683 magis
1139 620 1236 684 quam

171 685 302 752 iubendi
325 695 492 771 potestate.
540 690 567 753 si
590 686 751 774 displicuit
775 689 947 770 sententia,
972 687 1103 751 fremitu
1126 710 1235 774 asper·

171 788 304 859 nantur3
329 777 376 840 sin
399 775 536 862 placuit,
561 778 700 842 frameas
724 779 924 842 concutiunt:
953 777 1237 842 honoratissimum

172 863 326 930 adsensus
350 886 451 949 genus
475 875 523 930 est
545 867 643 930 armis
666 865 807 931 laudare.

263 956 313 1020 12.
349 953 443 1018 Licet
488 954 574 1042 apud
619 955 788 1019 concilium
835 975 986 1018 accusare
1032 975 1159 1040 quoque
1204 963 1236 1019 et

172 1043 341 1107 discrimen
383 1043 495 1128 capitis
538 1042 714 1108 intendere.
776 1043 938 1108 distinctio
980 1064 1156 1128 poenarum
1195 1066 1236 1108 ex

172 1126 300 1198 delicto.

261 1219 442 1284 Proditores
466 1229 497 1284 et
519 1221 703 1306 transfugas
723 1221 891 1286 arboribus
908 1220 1122 1307 suspendunt3
1147 1221 1236 1303 igna-

171 1331 228 1373 uos
261 1318 293 1373 et
323 1309 455 1373 inbelles
479 1319 511 1374 et
535 1332 667 1397 corpore
691 1311 826 1375 infames
850 1331 949 1375 caeno
973 1333 1011 1374 ao
1034 1309 1164 1396 palude,
1189 1311 1234 1373 in-

171 1400 255 1462 iecta
277 1401 408 1484 insuper
431 1407 464 1464 et
487 1409 585 1483 crate,
609 1409 769 1484 mergunt.
809 1398 977 1464 diuersitas
993 1399 1141 1486 supplicii
1161 1397 1236 1463 illuc

171 1490 311 1574 respicit,
328 1497 493 1572 tamquam
510 1488 631 1553 scelera
646 1489 770 1553 ostendi
786 1497 943 1575 oporteat,
959 1487 1035 1552 dum
1051 1487 1234 1575 puniuntur,

171 1575 296 1659 flagitia
319 1575 479 1641 abscondi.

260 1663 327 1731 Sed
349 1675 380 1729 et
403 1665 575 1730 leuioribus
599 1665 723 1731 delictis
745 1688 804 1752 pro
826 1664 921 1730 modo
944 1687 1120 1752 poenarum
1141 1687 1235 1751 equo-

170 1777 242 1818 rum
265 1775 480 1840 pecorumque
500 1777 632 1820 numero
649 1755 787 1820 conuicti
803 1755 988 1819 multantur.
1027 1776 1102 1840 pars
1116 1754 1235 1818 multae

171 1845 242 1927 regi
265 1843 318 1906 uel
341 1845 473 1927 ciuitati,
498 1867 572 1930 pars
595 1845 666 1930 ipsi,
691 1846 746 1931 qui
765 1843 955 1928 uindicatur,
980 1843 1032 1908 uel
1047 1845 1235 1930 propinquis
1340 1847 1341 1928 ᾗ

171 1934 239 1996 eius
263 1931 431 1996 exoluitur.
1340 2005 1341 2018 ἶ

259 2021 433 2106 Eligantur
461 2022 494 2084 in
521 2022 623 2087 isdem
656 2022 797 2087 conciliis
829 2031 862 2087 et
885 2023 1061 2108 principes,
1087 2022 1141 2106 qui
1165 2021 1235 2084 iura
1340 2051 1341 2095 t

170 2133 230 2196 per
259 2133 361 2196 pagos
393 2112 544 2196 uicosque
575 2108 726 2195 reddunt3
760 2113 888 2176 centeni
919 2110 1053 2195 singulis
1077 2133 1117 2174 ex
1140 2110 1235 2196 plebe

171 2200 302 2264 comites
330 2201 498 2264 consilium
521 2201 616 2265 simul
639 2209 671 2264 11
693 2202 869 2266 auctoritas
893 2199 1017 2264 adsunt.
1066 2201 1116 2264 13.
1146 2195 1236 2263 Nihil

170 2298 278 2353 autem
309 2310 413 2374 neque
445 2289 591 2374 publicae
625 2311 730 2375 neque
764 2292 911 2376 priuatae
945 2291 992 2353 rei
1023 2290 1085 2352 nisi
1120 2289 1236 2351 armati

170 2388 281 2462 agunt.
328 2375 384 2440 sed
407 2400 497 2444 arma
520 2399 646 2442 sumere
668 2401 733 2443 non
754 2389 829 2444 ante
851 2380 1002 2464 cuiquam
1025 2378 1123 2441 moris
1140 2398 1235 2462 quam

171 2467 285 2531 ciuitas
324 2465 532 2531 suffecturum
569 2467 764 2552 probauerit.
821 2477 890 2532 tum
931 2469 964 2530 in
994 2467 1066 2552 ipso
1098 2466 1234 2529 concilio

170 2555 223 2619 uel
255 2556 436 2642 principum
468 2556 581 2641 aliquis
616 2554 668 2621 uel
701 2566 794 2643 pater
828 2556 880 2620 uel
913 2557 1112 2642 propinquus
1145 2565 1234 2619 scuto
1339 2613 1340 2626 .

171 2644 358 2729 frameaque
388 2647 539 2709 iuuenem
571 2654 694 2710 ornant.
742 2644 833 2710 Haec
860 2645 946 2730 apud
968 2643 1039 2708 illos
1062 2653 1152 2727 toga,
1185 2643 1235 2708 hic
1339 2649 1340 2659 ’

170 2735 292 2820 primus
322 2735 471 2798 iuuentae
495 2732 610 2817 honos,
643 2743 719 2799 ante
749 2733 810 2798 hoc
837 2732 949 2798 domus
976 2756 1052 2819 pars
1074 2731 1234 2816 uidentur,

173 2845 249 2886 mox
272 2823 319 2886 rei
341 2823 498 2907 publicae.

259 2909 399 2995 Insignis
423 2911 571 2975 nobilitas
595 2921 650 2976 aut
670 2933 789 2996 magna
808 2920 936 2997 patrum
951 2913 1068 2976 merita
1083 2911 1235 2997 principis

171 2999 391 3083 dignationem
424 3001 524 3064 etiam
552 2998 798 3066 adulescentulis
831 2998 1013 3084 adsignant:
1047 3000 1162 3064 ceteris
1186 3022 1235 3063 ro·
1338 3045 1339 3056 .

170 3089 366 3154 bustioribus
390 3111 428 3152 ac
450 3089 640 3175 iampridem
655 3089 799 3174 probatis
815 3087 1046 3174 adgregantur,
1062 3110 1122 3152 nec
1138 3089 1235 3153 rubor
1338 3071 1339 3122 1

172 3179 256 3243 inter
279 3180 412 3242 comites
435 3179 545 3264 aspici.

261 3263 389 3331 Gradus
413 3269 489 3352 quin
513 3268 610 3331 etiam
629 3269 699 3354 ipse
716 3269 885 3331 comitatus
906 3267 1004 3331 habet
1024 3264 1141 3330 iudicio
1157 3267 1234 3350 eius,

172 3377 268 3443 quem
291 3365 468 3440 sectantur3
493 3378 673 3442 magnaque
698 3365 730 3420 11
751 3359 905 3420 comitum
921 3355 1101 3438 aemulatio,
1120 3354 1236 3441 quibus

171 3447 294 3532 primus
326 3443 410 3532 apud
443 3446 622 3530 principem
653 3467 744 3509 suum
774 3445 878 3525 locus,
911 3455 942 3509 et
964 3446 1159 3531 principum,
1185 3445 1236 3508 cui

172 3535 303 3621 plurimi
330 3543 362 3598 ct
392 3535 540 3598 acerrimi
563 3535 706 3598 comites.
753 3533 832 3598 haec
856 3533 1011 3617 dignitas,
1034 3534 1115 3598 haec
1138 3535 1234 3614 uires,
1337 3557 1338 3564 ¹

172 3645 290 3707 magno
322 3645 449 3711 semper
476 3622 649 3687 electorum
677 3624 828 3687 iuuenum
853 3622 949 3708 globo
973 3622 1169 3704 circundari,
1202 3624 1235 3686 in

172 3734 254 3799 pace
278 3710 389 3795 decus,
413 3713 447 3777 in
469 3711 553 3776 bello
577 3709 784 3798 praesidium.

261 3800 333 3866 Noc
355 3800 457 3865 solum
480 3802 513 3865 in
537 3823 594 3864 sua
617 3811 713 3884 gente
737 3802 866 3887 cuique,
897 3799 951 3864 sed
975 3801 1061 3886 apud
1084 3800 1236 3865 finitimas
