2708 4258
558 107 773 170 ..ω-

221 283 327 350 Trans
343 282 466 369 Lygios
487 282 655 350 Gothones
677 293 854 369 regnantur
876 287 971 373 penio
994 288 1059 352 iam
1082 285 1198 352 addue

129 377 193 438 tiue
218 396 314 460 quam
336 383 464 440 oeteree
487 372 726 440 Germanorum
754 383 891 459 gentes,
924 375 1066 442 nendum
1086 385 1198 442 tamen

131 485 230 549 supra
252 463 445 528 libertatem.

219 552 369 618 Protinus
392 551 507 618 dente
530 553 572 619 ab
597 551 728 618 Oceano
751 551 849 639 Rugii
872 562 905 618 et
927 553 1084 622 Lemouii.
1132 572 1197 622 om·

127 644 281 728 niumque
304 642 418 707 hurum
441 643 586 727 gentium
609 644 735 726 insigne
768 641 906 710 rotunda
938 653 1045 728 souta,
1081 645 1196 712 breues

128 731 240 818 gladii,
263 741 298 798 et
322 753 401 816 erga
423 749 517 817 reges
541 733 740 818 obsequium.

218 823 270 886 44.
296 817 451 887 Suionum
473 821 548 886 hine
570 823 718 888 ciuitates
741 823 830 906 ipsae
853 823 886 886 in
911 821 1043 888 Oeeeno
1067 834 1197 910 prester

127 913 215 976 uiros
238 931 393 997 armaque
415 911 570 976 elassibus
586 913 704 978 ualent.
745 911 865 976 Ferme
880 913 1011 976 nauium
1027 935 1064 976 eo
1079 913 1197 997 differt,

127 999 214 1088 quod
238 1003 398 1086 utrimque
426 1023 525 1086 prore
558 1011 705 1086 petatem
738 1023 865 1086 semper
888 1000 1036 1088 appuleui
1058 1002 1198 1068 frontem

126 1092 206 1174 egit.
254 1089 325 1155 Nee
358 1090 439 1156 uelis
469 1091 692 1155 ministrantur
714 1113 775 1156 neo
797 1109 903 1154 remos
927 1092 959 1155 in
983 1089 1130 1156 ordinem
1152 1092 1195 1156 la·

126 1180 250 1246 teribus
273 1178 468 1265 adiungunt:
504 1179 658 1262 solutum,
686 1189 724 1246 ut
746 1181 780 1244 in
803 1179 995 1266 quibusdem
1011 1179 1196 1263 fluminum,

127 1280 161 1334 et
185 1269 348 1352 mutabile,
372 1278 407 1334 ut
431 1291 482 1334 res
506 1271 618 1356 posuit,
643 1268 717 1334 hine
741 1267 793 1334 uel
815 1270 902 1334 illine
924 1271 1106 1354 remigium.

218 1359 278 1423 Est
300 1357 385 1445 apud
401 1358 472 1423 illos
488 1368 521 1423 et
537 1360 651 1445 opibus
667 1357 782 1442 honos,
807 1375 908 1445 eoque
922 1375 1005 1424 unius
1019 1361 1196 1446 imperitet,

125 1446 222 1512 nullis
245 1451 309 1514 iam
332 1448 584 1534 exeeptionibus,
608 1471 672 1514 uon
695 1450 841 1536 precario
867 1449 937 1513 iure
953 1449 1097 1536 parendi.
1136 1473 1196 1515 nee

125 1560 228 1622 arma,
246 1547 281 1602 ut
297 1536 383 1624 apud
397 1546 522 1604 eeteros
539 1536 732 1622 Germanos,
757 1540 790 1604 in
806 1539 998 1625 promiscue,
1016 1538 1072 1604 sed
1088 1538 1195 1604 eleuse

127 1627 188 1691 sub
215 1626 362 1710 eustode,
386 1637 419 1692 et
442 1627 571 1714 quidem
595 1650 703 1710 seruo,
737 1629 812 1713 quie
841 1627 963 1692 subitos
986 1626 1126 1694 hostium
1150 1630 1194 1692 in·

126 1739 240 1781 murus
264 1717 412 1804 prohibet
427 1715 587 1802 Oeeenus,
610 1719 731 1782 otiosae
754 1737 849 1803 porro
870 1725 1067 1782 armatorum
1083 1739 1196 1783 munus

124 1806 220 1872 facire
235 1807 417 1872 lasciuient:
443 1809 606 1872 enimuero
619 1829 725 1893 neque
735 1807 877 1871 nobilem
890 1829 994 1910 neque
1010 1809 1194 1891 ingenuum,

123 1919 167 1960 ne
189 1895 374 1962 libertinum
398 1897 526 1983 quidem
546 1899 648 1962 ermis
671 1918 869 1982 praeponere
892 1911 983 1981 regie
1000 1897 1121 1962 utilitas
1132 1907 1193 1961 est.

216 1987 270 2052 45.
296 1986 401 2052 Trans
417 1984 555 2051 Suiones
578 1985 665 2052 eliud
688 2003 788 2069 more,
813 1987 944 2072 pigrum
966 2008 1005 2050 ae
1028 2009 1129 2072 prope
1148 1988 1194 2052 in-

125 2083 265 2160 motum,
298 2098 361 2162 quo
396 2077 483 2160 cingi
507 2073 654 2161 eludique
676 2085 839 2140 terrerum
874 2075 985 2139 orirem
1008 2073 1081 2139 hino
1104 2073 1194 2160 fides,
1313 2095 1315 2100 '

125 2164 213 2250 quod
236 2173 401 2231 extremus
424 2165 572 2231 cadentis
592 2167 657 2230 iem
681 2163 756 2230 solis
779 2165 888 2249 fulgor
910 2165 943 2228 in
965 2173 1055 2228 ortus
1077 2163 1196 2230 edurat

123 2252 206 2320 adeo
230 2256 344 2337 clarus,
368 2263 404 2318 ut
426 2255 533 2320 sidere
547 2251 696 2338 hebetet3
719 2275 834 2318 sonum
850 2255 981 2340 insuper
997 2257 1194 2340 emergentis

123 2342 229 2408 audiri
252 2344 435 2430 formasque
454 2343 591 2410 deorum
606 2353 640 2408 et
655 2342 762 2408 redies
779 2343 892 2429 ospitis
912 2345 1013 2430 aspici
1029 2345 1193 2430 persuasio

125 2433 236 2500 adicit.
283 2434 359 2498 illue
381 2454 492 2521 usque,
516 2444 551 2500 et
574 2434 661 2498 seme
684 2449 772 2514 uere,
796 2442 923 2498 tantum
943 2441 1071 2498 nutura.

215 2523 305 2609 Ergo
340 2525 405 2588 iem
440 2522 553 2588 dextro
584 2519 712 2589 Suebici
747 2525 845 2587 meris
879 2522 973 2586 litore
1006 2521 1192 2588 Aestiorum

123 2621 239 2696 gentes
255 2611 437 2696 adluuntur,
455 2613 570 2699 quibus
580 2614 663 2677 ritus
675 2612 866 2698 habitusque
880 2608 1067 2696 Sueborum,
1083 2612 1195 2698 lingua

122 2701 331 2768 Britannieae
351 2705 494 2790 propior.
540 2713 679 2768 matrem
698 2700 797 2766 deum
817 2711 1019 2766 uenerantur.
1066 2703 1193 2786 insigne

123 2793 363 2875 superstitionis
387 2792 507 2858 formes
530 2813 681 2878 aprorum
702 2800 849 2874 gestent:
877 2789 913 2854 id
935 2813 994 2877 pro
1017 2791 1115 2856 armis
1137 2791 1191 2856 eo-

122 2881 313 2968 misumque
334 2882 436 2946 tutele
458 2905 606 2948 securum
630 2881 711 2947 deae
735 2881 889 2947 oultorenr
917 2881 1015 2946 etiem
1035 2879 1193 2946 interte-

122 2971 183 3034 etis
198 2981 357 3056 praestat:
382 2993 473 3038 rarus
489 2971 577 3056 ferri,
594 2972 745 3057 frequens
760 2970 892 3036 testium
906 2992 993 3034 usus.
1032 2969 1194 3036 frumenta

123 3068 314 3146 ueteresque
337 3061 459 3126 fruente
490 3063 665 3147 petientius
694 3083 791 3148 quem
814 3081 872 3146 pro
896 3059 990 3124 solita
1011 3056 1192 3128 Germano-

123 3171 197 3214 rum
218 3151 338 3216 inertie
358 3150 516 3216 laborent.
565 3150 620 3216 sed
653 3159 685 3214 et
713 3171 805 3214 mare
833 3157 1038 3232 scrutantur,
1071 3149 1193 3214 seseli

123 3241 456 3324 omnium'suoinum,
484 3238 572 3326 qued
595 3240 657 3326 ipsi
689 3238 813 3322 glesum
838 3247 971 3323 norant,
1002 3239 1086 3304 inter
1110 3236 1193 3305 uude

123 3337 224 3414 etque
248 3330 374 3416 inipso
405 3329 498 3394 litere
529 3329 651 3414 legunt.
697 3349 758 3392 nee
792 3350 875 3414 quae
906 3337 1035 3412 nature,
1067 3341 1193 3414 quesne

122 3419 208 3484 ratio
231 3419 360 3504 gignet,
393 3428 430 3482 ut
453 3418 615 3503 barbaris,
641 3420 823 3504 quaesitum
843 3426 1102 3504 eompertumuffi
1137 3415 1192 3482 diu

125 3508 205 3594 quin
229 3509 326 3573 etiam
350 3510 434 3576 inter
455 3519 567 3574 uetera
589 3510 803 3574 eiectamenta
817 3509 915 3572 meris
930 3506 1068 3589 iacebat,
1092 3505 1193 3588 donee

121 3599 251 3663 luxtuie
282 3607 392 3664 nostre
427 3595 515 3664 dedit
547 3621 674 3664 nomen.
719 3598 798 3683 ipsis
832 3598 865 3661 in
889 3595 978 3662 nullo
1003 3619 1075 3662 usur:
1107 3597 1191 3662 rude

120 3687 253 3771 legitur,
277 3687 413 3752 informe
435 3687 604 3774 perfertur,
630 3688 833 3774 pretiumque
849 3686 1002 3752 meantes
1018 3687 1188 3772 eooipiunt.

121 3799 237 3842 sucum
259 3785 368 3842 tamen
392 3778 542 3841 arborum
567 3799 637 3842 esse
660 3775 837 3860 intellegas,
861 3777 937 3860 quie
952 3784 1082 3842 terrena
1096 3798 1190 3862 quee-
