2708 4258
602 115 800 178 ..g-

257 291 374 358 Oolunt
403 294 533 359 discreti
562 316 601 360 ac
633 293 765 378 diuersi,
794 304 831 358 ut
854 295 941 379 fons,
965 304 1001 359 ut
1024 315 1170 380 campus,
1194 305 1227 360 ut

167 404 279 447 nemus
303 383 433 469 placuit.

256 471 354 536 Vicos
381 474 489 537 locant
511 493 575 536 non
597 473 630 536 in
653 482 797 538 nostrum
821 495 943 538 morem
968 475 1099 538 conexis
1123 483 1155 538 et
1179 496 1227 539 co·

168 560 374 626 haerentibus
402 559 573 645 aedificiis3
607 583 697 627 suam
726 563 861 648 quisque
888 561 1017 628 domum
1045 563 1147 650 spatio
1170 565 1228 628 cir·
1333 573 1335 586 “

169 649 299 726 enudat,
325 653 393 715 siue
415 649 568 716 aduersus
591 673 684 716 casus
707 652 791 738 ignis
814 652 991 717 remedium
1014 653 1081 716 siue
1104 654 1230 718 inscitia

168 737 366 806 aedificandi.

257 828 309 894 Ne
340 838 579 894 caementorum
610 829 739 916 quidem
766 828 853 916 apud
875 829 946 894 illos
969 839 1026 894 aut
1049 831 1231 916 tegularum

169 940 260 982 usus:
284 921 420 983 materia
443 917 484 983 ad
508 920 615 984 omnia
638 929 768 985 utuntur
791 920 921 984 informi
943 928 975 984 et
995 921 1077 986 citra
1092 921 1232 1006 speciem

168 1017 224 1072 aut
254 1006 509 1076 delectationem.
565 1006 732 1087 Quaedam
763 1009 835 1074 loca
868 1007 1051 1092 diligentius
1084 1008 1231 1074 inliniunt

169 1105 257 1180 terra
286 1099 332 1161 ita
355 1119 437 1183 pura
459 1121 496 1161 ac
520 1099 721 1185 splendente,
744 1106 779 1162 ut
802 1099 961 1184 picturam
984 1121 1022 1162 ac
1045 1097 1232 1162 liniamenta
1336 1118 1337 1166 l

170 1185 312 1250 colorum
341 1188 493 1251 imitetur.
541 1188 644 1252 solent
667 1197 700 1253 et
723 1197 946 1273 supterraneos
969 1209 1082 1273 specus
1106 1189 1231 1273 aperire

171 1297 289 1361 eosque
312 1276 412 1340 multo
435 1277 565 1363 insuper
587 1274 662 1342 fimo
687 1285 834 1358 onerant,
866 1275 1039 1360 suffugium
1071 1276 1170 1340 hiemi
1202 1285 1232 1341 et
1336 1275 1337 1278 ’

169 1365 408 1450 receptaculum
437 1364 600 1451 frugibus,
631 1368 706 1452 quia
732 1367 873 1451 rigorem
896 1365 1053 1450 frigorum
1077 1365 1232 1431 eiusmodi

169 1453 248 1518 lacis
272 1450 363 1539 (locis
386 1452 489 1540 codd.)
512 1454 673 1520 molliunt:
699 1464 744 1539 et,
769 1457 796 1520 si
819 1452 945 1540 quando
968 1453 1069 1519 hostis
1092 1453 1231 1539 aduenit,

170 1552 284 1629 aperta
306 1545 487 1629 populatur,
511 1543 622 1609 abdita
644 1554 752 1609 autem
776 1552 808 1608 et
831 1543 960 1608 defossa
974 1552 1029 1608 aut
1044 1545 1233 1628 ignorantur
1337 1597 1338 1614 .

170 1641 225 1696 aut
249 1653 287 1696 eo
310 1633 380 1719 ipso
403 1632 531 1718 fallunt,
556 1633 642 1720 quod
665 1631 848 1720 quaerenda
870 1641 956 1698 sunt.

262 1722 314 1788 17.
339 1719 507 1806 Tegumen
536 1723 683 1788 omnibus
714 1744 826 1808 sagum
857 1720 955 1786 fibula
985 1732 1056 1806 aut,
1091 1723 1117 1786 si
1141 1719 1232 1806 desit,

172 1811 264 1897 spina
293 1821 492 1876 consertum:
528 1821 634 1877 cetera
665 1814 776 1877 intecti
804 1820 888 1877 totos
918 1808 986 1875 dies
1014 1813 1104 1875 iuxta
1126 1810 1233 1875 focum

171 1909 269 1985 atque
291 1901 401 1985 ignem
425 1911 535 1986 agunt.

261 1986 517 2076 Locupletissimi
536 1999 626 2055 ueste
642 1988 867 2075 distinguntur,
890 2011 955 2053 non
977 1987 1132 2072 fluitante,
1152 1990 1234 2054 sicut

173 2075 340 2146 Sarmatae
363 2102 401 2143 ac
424 2079 551 2164 Parthi,
584 2079 641 2145 sed
664 2081 775 2145 stricta
798 2092 829 2144 et
853 2078 994 2164 singulos
1018 2086 1106 2142 artus
1130 2079 1234 2164 expri·
1339 2163 1340 2174 ἵ

172 2176 289 2232 mente.

263 2254 390 2322 Gerunt
413 2266 445 2321 et
467 2257 607 2322 ferarum
630 2256 738 2344 pelles,
758 2258 896 2344 proximi
911 2259 1002 2342 ripae
1017 2255 1234 2342 neglegenter,
1339 2265 1340 2270 ’

173 2347 340 2411 ulteriores
375 2347 579 2432 exquisitius,
612 2357 647 2411 ut
679 2348 794 2432 quibus
826 2346 929 2411 nullus
959 2368 1018 2432 per
1044 2346 1236 2410 commercia

174 2434 285 2499 cultus.
333 2437 456 2520 eligunt
480 2436 565 2501 feras
589 2445 621 2500 et
637 2434 781 2501 detracta
804 2437 964 2500 uolumina
987 2442 1145 2521 spargunt
1168 2457 1236 2498 ma-

175 2523 253 2588 culis
276 2525 476 2611 pellibusque
499 2525 675 2608 beluarum,
699 2547 779 2611 quas
801 2526 942 2590 exterior
965 2521 1115 2588 Oceanus
1138 2532 1236 2608 atque

173 2615 320 2698 ignotum
342 2636 432 2679 mare
455 2615 569 2700 gignit.
615 2638 678 2680 nec
704 2615 784 2678 alius
811 2614 939 2678 feminis
962 2635 1059 2698 quam
1081 2612 1158 2676 uiris
1181 2611 1236 2677 ha·

175 2702 269 2787 bitus,
293 2704 354 2768 nisi
377 2704 462 2789 quod
486 2705 624 2769 feminae
647 2705 773 2790 saepius
794 2703 886 2768 lineis
902 2703 1072 2768 amictibus
1087 2700 1237 2766 uelantur

174 2813 292 2878 eosque
315 2815 457 2878 purpura
480 2794 615 2878 uariant,
638 2802 828 2880 partemque
850 2793 984 2856 uestitus
1007 2791 1179 2877 superioris
1203 2793 1238 2854 in

174 2883 315 2945 manices
338 2904 402 2946 non
425 2882 614 2966 extendunt,
642 2883 747 2948 nudae
769 2880 920 2946 bracchia
942 2903 981 2945 ac
1003 2881 1154 2962 lacertos3
1179 2877 1237 2944 sed

175 2980 207 3034 et
236 2971 384 3056 proxima
412 2994 488 3057 pars
517 2973 656 3058 pectoris
684 2980 783 3058 patet.
830 2973 881 3036 18.
906 2992 1100 3056 quamquam
1114 2991 1240 3034 seuera

173 3058 238 3123 illic
260 3061 474 3145 matrimonia,
499 3084 558 3127 nec
581 3061 678 3126 ullam
702 3081 828 3124 morum
851 3069 977 3146 partem
1000 3060 1104 3142 magis
1127 3056 1237 3122 lauda-

175 3150 270 3213 ueris.
325 3146 411 3213 Nam
443 3173 544 3237 prope
577 3150 634 3214 soli
667 3150 879 3215 barbarorum
915 3148 1049 3232 singulis
1082 3147 1239 3211 uxoribus

176 3240 316 3302 contenti
340 3247 422 3322 sunt,
448 3241 592 3326 exceptis
615 3237 785 3303 admodum
802 3240 922 3325 paucis,
944 3239 1077 3322 quinon
1092 3234 1237 3319 libidine,

176 3325 232 3391 sed
255 3327 296 3392 ob
319 3327 517 3393 nobilitatem
539 3329 685 3415 plurimis
707 3329 828 3414 nuptiis
850 3327 1043 3392 ambiuntur.

264 3415 384 3481 Dotem
414 3440 478 3482 non
502 3440 584 3482 uxor
614 3419 741 3500 marite,
775 3417 832 3482 sed
861 3415 954 3480 uxori
976 3416 1110 3480 maritus
1134 3413 1237 3478 offert.

175 3507 333 3570 intersunt
356 3516 505 3592 parentes
529 3516 562 3572 et
584 3508 755 3593 propinqui
778 3528 816 3570 ac
839 3527 971 3570 munera
993 3504 1145 3591 probant,
1169 3524 1239 3568 mu-

175 3617 253 3660 nera
275 3618 339 3660 non
363 3595 404 3659 ad
428 3594 557 3660 delicias
580 3596 914 3682 muliebris-quaesita
936 3615 996 3658 nee
1020 3593 1134 3679 quibus
1154 3613 1241 3656 noua

176 3693 276 3771 nupta
300 3694 458 3770 comatur,
483 3685 540 3750 sed
562 3685 661 3751 boues
685 3695 717 3750 et
739 3685 900 3750 frenatum
923 3705 1040 3770 equum
1057 3691 1089 3747 et
1112 3691 1239 3744 scutum

179 3797 251 3840 cum
276 3774 397 3840 framea
420 3775 601 3860 gladioque.
647 3775 687 3841 In
710 3773 790 3840 haec
812 3795 945 3839 munera
967 3794 1049 3836 uxor
1072 3771 1239 3856 accipitur,
